@article{sutskever2014sequence,
  title={Sequence to sequence learning with neural networks},
  author={Sutskever, Ilya and Vinyals, Oriol and Le, Quoc V},
  journal={Advances in neural information processing systems},
  volume={27},
  year={2014}
}

@article{vaswani2017attention,
  title={Attention is all you need},
  author={Vaswani, Ashish and Shazeer, Noam and Parmar, Niki and Uszkoreit, Jakob and Jones, Llion and Gomez, Aidan N and Kaiser, {\L}ukasz and Polosukhin, Illia},
  journal={Advances in neural information processing systems},
  volume={30},
  year={2017}
}

@book{nowozin2011structured,
  title={Structured learning and prediction in computer vision},
  author={Nowozin, Sebastian and Lampert, Christoph H},
  volume={6},
  number={3-4},
  year={2011},
  publisher={Now publishers Inc}
}

@book{yeung2010sensitivity,
  title={Sensitivity analysis for neural networks},
  author={Yeung, Daniel S and Cloete, Ian and Shi, Daming and wY Ng, Wing},
  year={2010},
  publisher={Springer}
}

@article{zhang2015sensitivity,
  title={A sensitivity analysis of (and practitioners' guide to) convolutional neural networks for sentence classification},
  author={Zhang, Ye and Wallace, Byron},
  journal={arXiv preprint arXiv:1510.03820},
  year={2015}
}

@inproceedings{selvaraju2017grad,
  title={Grad-cam: Visual explanations from deep networks via gradient-based localization},
  author={Selvaraju, Ramprasaath R and Cogswell, Michael and Das, Abhishek and Vedantam, Ramakrishna and Parikh, Devi and Batra, Dhruv},
  booktitle={Proceedings of the IEEE international conference on computer vision},
  pages={618--626},
  year={2017}
}

@article{huang2020feature,
  title={Feature space singularity for out-of-distribution detection},
  author={Huang, Haiwen and Li, Zhihan and Wang, Lulu and Chen, Sishuo and Dong, Bin and Zhou, Xinyu},
  journal={arXiv preprint arXiv:2011.14654},
  year={2020}
}

@article{ren2019likelihood,
  title={Likelihood ratios for out-of-distribution detection},
  author={Ren, Jie and Liu, Peter J and Fertig, Emily and Snoek, Jasper and Poplin, Ryan and Depristo, Mark and Dillon, Joshua and Lakshminarayanan, Balaji},
  journal={Advances in Neural Information Processing Systems},
  volume={32},
  year={2019}
}
