@article{bird2020fairlearn,
  title={Fairlearn: A toolkit for assessing and improving fairness in AI},
  author={Bird, Sarah and Dud{\'\i}k, Miro and Edgar, Richard and Horn, Brandon and Lutz, Roman and Milan, Vanessa and Sameki, Mehrnoosh and Wallach, Hanna and Walker, Kathleen},
  journal={Microsoft, Tech. Rep. MSR-TR-2020-32},
  year={2020}
}


@misc{kwegyiraggrey2021relative,
      title={Everything is Relative: Understanding Fairness with Optimal Transport}, 
      author={Kweku Kwegyir-Aggrey and Rebecca Santorella and Sarah M. Brown},
      year={2021},
      eprint={2102.10349},
      archivePrefix={arXiv},
      primaryClass={cs.CY}
}


@article{otip,
author = {Bonneel, Nicolas and Rabin, Julien and Peyré, Gabriel and Pfister, Hanspeter},
year = {2014},
month = {01},
pages = {},
title = {Sliced and Radon Wasserstein Barycenters of Measures},
volume = {51},
journal = {Journal of Mathematical Imaging and Vision},
doi = {10.1007/s10851-014-0506-3}
}




@misc{yurochkin2019hierarchical,
      title={Hierarchical Optimal Transport for Document Representation}, 
      author={Mikhail Yurochkin and Sebastian Claici and Edward Chien and Farzaneh Mirzazadeh and Justin Solomon},
      year={2019},
      eprint={1906.10827},
      archivePrefix={arXiv},
      primaryClass={cs.LG}
}

@article{CABELLO2008118,
title = {Matching point sets with respect to the Earth Mover's Distance},
journal = {Computational Geometry},
volume = {39},
number = {2},
pages = {118-133},
year = {2008},
issn = {0925-7721},
doi = {https://doi.org/10.1016/j.comgeo.2006.10.001},
url = {https://www.sciencedirect.com/science/article/pii/S0925772106001040},
author = {Sergio Cabello and Panos Giannopoulos and Christian Knauer and Günter Rote},
keywords = {Geometric optimization, Approximation algorithms, Shape matching, Earth Mover's Distance, Weighted point sets, Rigid motions}
}

@inproceedings{wang2012supervised,
  title={Supervised earth mover’s distance learning and its computer vision applications},
  author={Wang, Fan and Guibas, Leonidas J},
  booktitle={European Conference on Computer Vision},
  pages={442--455},
  year={2012},
  organization={Springer}
}


@inproceedings{zhang2011discriminative,
  title={Discriminative image warping with attribute flow},
  author={Zhang, Weiyu and Srinivasan, Praveen and Shi, Jianbo},
  booktitle={Computer Vision and Pattern Recognition 2011},
  pages={2393--2400},
  year={2011},
  organization={IEEE}
}


@misc{uci,
author = "Dua, Dheeru and Graff, Casey",
year = "2017",
title = "{UCI} Machine Learning Repository",
url = "http://archive.ics.uci.edu/ml",
institution = "University of California, Irvine, School of Information and Computer Sciences" } 

@article{ding2021retiring,
  title={Retiring adult: New datasets for fair machine learning},
  author={Ding, Frances and Hardt, Moritz and Miller, John and Schmidt, Ludwig},
  journal={Advances in Neural Information Processing Systems},
  volume={34},
  year={2021}
}

@book{villani2009optimal,
  title={Optimal transport: old and new},
  author={Villani, C{\'e}dric},
  volume={338},
  year={2009},
  publisher={Springer}
}


@book{villani,
  title={Topics in optimal transportation},
  author={Villani, C{\'e}dric},
  volume={58},
  year={2021},
  publisher={American Mathematical Soc.}
}

@inproceedings{hoffman1963simple,
  title={On simple linear programming problems},
  author={Hoffman, Alan J and others},
  booktitle={Proceedings of Symposia in Pure Mathematics},
  volume={7},
  pages={317--327},
  year={1963}
}

@article{BEIN199597,
title = {A Monge property for the d-dimensional transportation problem},
journal = {Discrete Applied Mathematics},
volume = {58},
number = {2},
pages = {97-109},
year = {1995},
note = {Workshop on Discrete Algoritms},
issn = {0166-218X},
doi = {https://doi.org/10.1016/0166-218X(93)E0121-E},
url = {https://www.sciencedirect.com/science/article/pii/0166218X93E0121E},
author = {Wolfgang W. Bein and Peter Brucker and James K. Park and Pramod K. Pathak},
abstract = {In 1963, Hoffman gave necessary and sufficient conditions under which a family of O(mn)-time greedy algorithms solves the classical two-dimensional transportation problem with m sources and n sinks. One member of this family, an algorithm based on the “northwest corner rule”, is of particular interest, as its running time is easily reduced to O(m + n). When restricted to this algorithm, Hoffman's result can be expressed as follows: the northwest-corner-rule greedy algorithm solves the two-dimensional transportation problem for all source and supply vectors if and only if the problem's cost array C = {c[i,j]} possesses what is known as the (two-dimensional) Monge property, which requires c[i1,j1] + c[i2,j2] ⩽ c[i1,j2] + c[i2,j1] for i1 < i2 and j1 < j2. This paper generalizes this last result to a higher dimensional variant of the transportation problem. We show that the natural extension of the northwest-corner-rule greedy algorithm solves an instance of the d-dimensional transportation problem if and only if the problem's cost array possesses a d-dimensional Monge property recently proposed by Aggarwal and Park in the context of their study of monotone arrays. We also give several new examples of cost arrays with this d-dimensional Monge property.}
}

@article{kantorovich,
  title={On the translocation of masses},
  author={Kantorovich, Leonid V},
  journal={Journal of mathematical sciences},
  volume={133},
  number={4},
  pages={1381--1382},
  year={2006},
  publisher={Kluwer Academic Publishers-Consultants Bureau}
}

@article{kantorovich1958,
title={On the Translocation of Masses},
author={Kantorovich, Leonid V},
volume=5,
numer = 1,
pages = {1--4},
journal = { Management Science },
year = 1958
}

@article{kantorovich1942,
title={On the Translocation of Masses},
author={Kantorovich, Leonid V},
volume=37,
numer = 7,
pages = {227--229},
journal = { Dokl. Akad. Nauk SSSR },
year = 1942
}



@article{haker2004optimal,
  title={Optimal mass transport for registration and warping},
  author={Haker, Steven and Zhu, Lei and Tannenbaum, Allen and Angenent, Sigurd},
  journal={International Journal of computer vision},
  volume={60},
  number={3},
  pages={225--240},
  year={2004},
  publisher={Springer}
}

@article{ling2007efficient,
  title={An efficient earth mover's distance algorithm for robust histogram comparison},
  author={Ling, Haibin and Okada, Kazunori},
  journal={IEEE transactions on pattern analysis and machine intelligence},
  volume={29},
  number={5},
  pages={840--853},
  year={2007},
  publisher={IEEE}
}


@article{de2006all,
  title={All linear and integer programs are slim 3-way transportation programs},
  author={De Loera, Jes{\'u}s A and Onn, Shmuel},
  journal={SIAM Journal on Optimization},
  volume={17},
  number={3},
  pages={806--821},
  year={2006},
  publisher={SIAM}
}


@article{monge,
author="Monge, Gaspard",
title="Memoire sur la theorie des deblais et des remblais",
journal="Mem. Math. Phys. Acad. Royale Sci.",
ISSN="",
publisher="",
year="1781",
month="",
volume="",
number="",
pages="666-704",
URL="https://ci.nii.ac.jp/naid/10025352877/en/",
DOI="",
}

@article{burkard,
  title={Perspectives of Monge properties in optimization},
  author={Burkard, Rainer E and Klinz, Bettina and Rudolf, R{\"u}diger},
  journal={Discrete Applied Mathematics},
  volume={70},
  number={2},
  pages={95--161},
  year={1996},
  publisher={Elsevier}
}


@article{peleg,
  title={A unified approach to the change of resolution: Space and gray-level},
  author={Peleg, Shmuel and Werman, Michael and Rom, Hillel},
  journal={IEEE Transactions on Pattern Analysis and Machine Intelligence},
  volume={11},
  number={7},
  pages={739--742},
  year={1989},
  publisher={IEEE}
}


@article{rubner,
  title={The earth mover's distance as a metric for image retrieval},
  author={Rubner, Yossi and Tomasi, Carlo and Guibas, Leonidas J},
  journal={International journal of computer vision},
  volume={40},
  number={2},
  pages={99--121},
  year={2000},
  publisher={Springer}
}


@inproceedings{gordaliza2019obtaining,
  title={Obtaining fairness using optimal transport theory},
  author={Gordaliza, Paula and Del Barrio, Eustasio and Fabrice, Gamboa and Loubes, Jean-Michel},
  booktitle={International Conference on Machine Learning},
  pages={2357--2365},
  year={2019},
  organization={PMLR}
}


@inproceedings{fairregress,
 author = {Chzhen, Evgenii and Denis, Christophe and Hebiri, Mohamed and Oneto, Luca and Pontil, Massimiliano},
 booktitle = {Advances in Neural Information Processing Systems},
 editor = {H. Larochelle and M. Ranzato and R. Hadsell and M. F. Balcan and H. Lin},
 pages = {7321--7331},
 publisher = {Curran Associates, Inc.},
 title = {Fair regression with Wasserstein barycenters},
 url = {https://proceedings.neurips.cc/paper/2020/file/51cdbd2611e844ece5d80878eb770436-Paper.pdf},
 volume = {33},
 year = {2020}
}


@inproceedings{jiang2020wasserstein,
  title={Wasserstein fair classification},
  author={Jiang, Ray and Pacchiano, Aldo and Stepleton, Tom and Jiang, Heinrich and Chiappa, Silvia},
  booktitle={Uncertainty in Artificial Intelligence},
  pages={862--872},
  year={2020},
  organization={PMLR}
}


@article{flamary2021pot,
  author  = {R{\'e}mi Flamary and Nicolas Courty and Alexandre Gramfort and Mokhtar Z. Alaya and Aur{\'e}lie Boisbunon and Stanislas Chambon and Laetitia Chapel and Adrien Corenflos and Kilian Fatras and Nemo Fournier and L{\'e}o Gautheron and Nathalie T.H. Gayraud and Hicham Janati and Alain Rakotomamonjy and Ievgen Redko and Antoine Rolet and Antony Schutz and Vivien Seguy and Danica J. Sutherland and Romain Tavenard and Alexander Tong and Titouan Vayer},
  title   = {POT: Python Optimal Transport},
  journal = {Journal of Machine Learning Research},
  year    = {2021},
  volume  = {22},
  number  = {78},
  pages   = {1-8},
  url     = {http://jmlr.org/papers/v22/20-451.html}
}

@inproceedings{sinkbaryfw,
 author = {Luise, Giulia and Salzo, Saverio and Pontil, Massimiliano and Ciliberto, Carlo},
 booktitle = {Advances in Neural Information Processing Systems},
 editor = {H. Wallach and H. Larochelle and A. Beygelzimer and F. d\textquotesingle Alch\'{e}-Buc and E. Fox and R. Garnett},
 pages = {},
 publisher = {Curran Associates, Inc.},
 title = {Sinkhorn Barycenters with Free Support via Frank-Wolfe Algorithm},
 url = {https://proceedings.neurips.cc/paper/2019/file/9f96f36b7aae3b1ff847c26ac94c604e-Paper.pdf},
 volume = {32},
 year = {2019}
}


@inproceedings{janati2020debiased,
  title={Debiased sinkhorn barycenters},
  author={Janati, Hicham and Cuturi, Marco and Gramfort, Alexandre},
  booktitle={International Conference on Machine Learning},
  pages={4692--4701},
  year={2020},
  organization={PMLR}
}


@article{agueh2011barycenters,
  title={Barycenters in the Wasserstein space},
  author={Agueh, Martial and Carlier, Guillaume},
  journal={SIAM Journal on Mathematical Analysis},
  volume={43},
  number={2},
  pages={904--924},
  year={2011},
  publisher={SIAM}
}


@inproceedings{fastbary,
  title={Fast computation of Wasserstein barycenters},
  author={Cuturi, Marco and Doucet, Arnaud},
  booktitle={International conference on machine learning},
  pages={685--693},
  year={2014},
  organization={PMLR}
}


@inproceedings{wgan,
  title={Wasserstein generative adversarial networks},
  author={Arjovsky, Martin and Chintala, Soumith and Bottou, L{\'e}on},
  booktitle={International conference on machine learning},
  pages={214--223},
  year={2017},
  organization={PMLR}
}

@inproceedings{
wae,
title={Wasserstein Auto-Encoders},
author={Ilya Tolstikhin and Olivier Bousquet and Sylvain Gelly and Bernhard Schoelkopf},
booktitle={International Conference on Learning Representations},
year={2018},
url={https://openreview.net/forum?id=HkL7n1-0b},
}

@article{mangasarian1979nonlinear,
  title={Nonlinear perturbation of linear programs},
  author={Mangasarian, Olvi L and Meyer, RR},
  journal={SIAM Journal on Control and Optimization},
  volume={17},
  number={6},
  pages={745--752},
  year={1979},
  publisher={SIAM}
}

@article{ferris1991finite,
  title={Finite perturbation of convex programs},
  author={Ferris, Michael C and Mangasarian, Olvi L},
  journal={Applied Mathematics and Optimization},
  volume={23},
  number={1},
  pages={263--273},
  year={1991},
  publisher={Springer}
}


@InProceedings{Jung_2021_CVPR,
    author    = {Jung, Sangwon and Lee, Donggyu and Park, Taeeon and Moon, Taesup},
    title     = {Fair Feature Distillation for Visual Recognition},
    booktitle = {Proceedings of the IEEE/CVF Conference on Computer Vision and Pattern Recognition (CVPR)},
    month     = {June},
    year      = {2021},
    pages     = {12115-12124}
}

@InProceedings{Ramaswamy_2021_CVPR,
    author    = {Ramaswamy, Vikram V. and Kim, Sunnie S. Y. and Russakovsky, Olga},
    title     = {Fair Attribute Classification Through Latent Space De-Biasing},
    booktitle = {Proceedings of the IEEE/CVF Conference on Computer Vision and Pattern Recognition (CVPR)},
    month     = {June},
    year      = {2021},
    pages     = {9301-9310}
}

@InProceedings{Zhang_2020_CVPR,
author = {Zhang, Chi and Cai, Yujun and Lin, Guosheng and Shen, Chunhua},
title = {DeepEMD: Few-Shot Image Classification With Differentiable Earth Mover's Distance and Structured Classifiers},
booktitle = {IEEE/CVF Conference on Computer Vision and Pattern Recognition (CVPR)},
month = {June},
year = {2020}
}

@article{Mills19578MV,
  title={Marginal Values of Matrix Games and Linear Programs},
  author={Harlan D. Mills},
  year={1957},
  journal={Linear Inequalities and Related Systems},
  volume={38}
}

@article{kline2019properties,
  title={Properties of the d-dimensional earth mover’s problem},
  author={Kline, Jeffery},
  journal={Discrete Applied Mathematics},
  volume={265},
  pages={128--141},
  year={2019},
  publisher={Elsevier}
}

@inproceedings{balikas2018cross,
  title={Cross-lingual document retrieval using regularized Wasserstein distance},
  author={Balikas, Georgios and Laclau, Charlotte and Redko, Ievgen and Amini, Massih-Reza},
  booktitle={European Conference on Information Retrieval},
  pages={398--410},
  year={2018},
  organization={Springer}
}

@incollection{freund1985postoptimal,
  title={Postoptimal analysis of a linear program under simultaneous changes in matrix coefficients},
  author={Freund, Robert M},
  booktitle={Mathematical Programming Essays in Honor of George B. Dantzig Part I},
  pages={1--13},
  year={1985},
  publisher={Springer}
}

@article{dewolf,
author = {De Wolf, Daniel and Smeers, Yves},
year = {2019},
month = {11},
pages = {},
title = {Generalized Derivatives of the Optimal Value of a Linear Program with respect to Matrix Coefficients},
volume = {291},
journal = {European Journal of Operational Research},
doi = {10.1016/j.ejor.2019.11.020}
}



@inproceedings{
Zhao2020Conditional,
title={Conditional Learning of Fair Representations},
author={Han Zhao and Amanda Coston and Tameem Adel and Geoffrey J. Gordon},
booktitle={International Conference on Learning Representations},
year={2020},
url={https://openreview.net/forum?id=Hkekl0NFPr}
}

@article{erickson2020generalization,
  title={A generalization for the expected value of the earth mover's distance},
  author={Erickson, William Q},
  journal={arXiv preprint arXiv:2009.12723},
  year={2020}
}

@inproceedings{kearns2018preventing,
  title={Preventing fairness gerrymandering: Auditing and learning for subgroup fairness},
  author={Kearns, Michael and Neel, Seth and Roth, Aaron and Wu, Zhiwei Steven},
  booktitle={International Conference on Machine Learning},
  pages={2564--2572},
  year={2018},
  organization={PMLR}
}

@inproceedings{kim2019multiaccuracy,
  title={Multiaccuracy: Black-box post-processing for fairness in classification},
  author={Kim, Michael P and Ghorbani, Amirata and Zou, James},
  booktitle={Proceedings of the 2019 AAAI/ACM Conference on AI, Ethics, and Society},
  pages={247--254},
  year={2019}
}

@article{du2020fairness,
  title={Fairness in deep learning: A computational perspective},
  author={Du, Mengnan and Yang, Fan and Zou, Na and Hu, Xia},
  journal={IEEE Intelligent Systems},
  year={2020},
  publisher={IEEE}
}

@article{hardt2016equality,
  title={Equality of opportunity in supervised learning},
  author={Hardt, Moritz and Price, Eric and Srebro, Nati},
  journal={Advances in neural information processing systems},
  volume={29},
  pages={3315--3323},
  year={2016}
}

@inproceedings{polania2019ordinal,
  title={Ordinal regression using noisy pairwise comparisons for body mass index range estimation},
  author={Polania, Luisa F and Fung, Glenn M and Wang, Dongning},
  booktitle={2019 IEEE Winter Conference on Applications of Computer Vision (WACV)},
  pages={782--790},
  year={2019},
  organization={IEEE}
}


@article{yoon2020joint,
  title={Joint transfer of model knowledge and fairness over domains using wasserstein distance},
  author={Yoon, Taeho and Lee, Jaewook and Lee, Woojin},
  journal={IEEE Access},
  volume={8},
  pages={123783--123798},
  year={2020},
  publisher={IEEE}
}

@article{chzhen2020fair,
  title={Fair regression with wasserstein barycenters},
  author={Chzhen, Evgenii and Denis, Christophe and Hebiri, Mohamed and Oneto, Luca and Pontil, Massimiliano},
  journal={arXiv preprint arXiv:2006.07286},
  year={2020}
}

@article{kim2018fairness,
  title={Fairness Through Computationally-Bounded Awareness},
  author={Kim, Michael and Reingold, Omer and Rothblum, Guy},
  journal={Advances in Neural Information Processing Systems},
  volume={31},
  pages={4842--4852},
  year={2018}
}

@article{benamou2015iterative,
  title={Iterative Bregman projections for regularized transportation problems},
  author={Benamou, Jean-David and Carlier, Guillaume and Cuturi, Marco and Nenna, Luca and Peyr{\'e}, Gabriel},
  journal={SIAM Journal on Scientific Computing},
  volume={37},
  number={2},
  pages={A1111--A1138},
  year={2015},
  publisher={SIAM}
}

@article{cuturi2013sinkhorn,
  title={Sinkhorn distances: Lightspeed computation of optimal transport},
  author={Cuturi, Marco},
  journal={Advances in neural information processing systems},
  volume={26},
  pages={2292--2300},
  year={2013}
}

%%vikas additions 

@article{courty2016optimal,
  title={Optimal transport for domain adaptation},
  author={Courty, Nicolas and Flamary, R{\'e}mi and Tuia, Devis and Rakotomamonjy, Alain},
  journal={IEEE transactions on pattern analysis and machine intelligence},
  volume={39},
  number={9},
  pages={1853--1865},
  year={2016},
  publisher={IEEE}
}

@inproceedings{huang2016supervised,
  title={Supervised word mover's distance},
  author={Huang, Gao and Quo, Chuan and Kusner, Matt J and Sun, Yu and Weinberger, Kilian Q and Sha, Fei},
  booktitle={Proceedings of the 30th International Conference on Neural Information Processing Systems},
  pages={4869--4877},
  year={2016}
}

@inproceedings{frogner2015learning,
  title={Learning with a Wasserstein loss},
  author={Frogner, Charlie and Zhang, Chiyuan and Mobahi, Hossein and Araya-Polo, Mauricio and Poggio, Tomaso},
  booktitle={Neural Information Processing Systems},
  year={2015}
}

@article{luise2019sinkhorn,
  title={Sinkhorn Barycenters with Free Support via Frank-Wolfe Algorithm},
  author={Luise, Giulia and Salzo, Saverio and Pontil, Massimiliano and Ciliberto, Carlo},
  journal={Advances in Neural Information Processing Systems},
  volume={32},
  pages={9322--9333},
  year={2019}
}

@inproceedings{ho2017multilevel,
  title={Multilevel clustering via Wasserstein means},
  author={Ho, Nhat and Nguyen, XuanLong and Yurochkin, Mikhail and Bui, Hung Hai and Huynh, Viet and Phung, Dinh},
  booktitle={International Conference on Machine Learning},
  pages={1501--1509},
  year={2017},
  organization={PMLR}
}

@article{altschuler2021wasserstein,
  title={Wasserstein barycenters can be computed in polynomial time in fixed dimension.},
  author={Altschuler, Jason M and Boix-Adsera, Enric},
  journal={J. Mach. Learn. Res.},
  volume={22},
  pages={44--1},
  year={2021}
}

@article{solomon2015convolutional,
  title={Convolutional wasserstein distances: Efficient optimal transportation on geometric domains},
  author={Solomon, Justin and De Goes, Fernando and Peyr{\'e}, Gabriel and Cuturi, Marco and Butscher, Adrian and Nguyen, Andy and Du, Tao and Guibas, Leonidas},
  journal={ACM Transactions on Graphics (TOG)},
  volume={34},
  number={4},
  pages={1--11},
  year={2015},
  publisher={ACM New York, NY, USA}
}

@article{ruschendorf2002n,
  title={On the n-coupling problem},
  author={R{\"u}schendorf, Ludger and Uckelmann, Ludger},
  journal={Journal of multivariate analysis},
  volume={81},
  number={2},
  pages={242--258},
  year={2002},
  publisher={Elsevier}
}

@inproceedings{rabin2011wasserstein,
  title={Wasserstein barycenter and its application to texture mixing},
  author={Rabin, Julien and Peyr{\'e}, Gabriel and Delon, Julie and Bernot, Marc},
  booktitle={International Conference on Scale Space and Variational Methods in Computer Vision},
  pages={435--446},
  year={2011},
  organization={Springer}
}

@article{elvander2020multi,
  title={Multi-marginal optimal transport using partial information with applications in robust localization and sensor fusion},
  author={Elvander, Filip and Haasler, Isabel and Jakobsson, Andreas and Karlsson, Johan},
  journal={Signal Processing},
  volume={171},
  pages={107474},
  year={2020},
  publisher={Elsevier}
}

@inproceedings{NEURIPS2020_6bb56208,
 author = {Berthet, Quentin and Blondel, Mathieu and Teboul, Olivier and Cuturi, Marco and Vert, Jean-Philippe and Bach, Francis},
 booktitle = {Advances in Neural Information Processing Systems},
  title = {Learning with Differentiable Pertubed Optimizers},
 url = {https://proceedings.neurips.cc/paper/2020/file/6bb56208f672af0dd65451f869fedfd9-Paper.pdf},
 volume = {33},
 year = {2020}
}

@inproceedings{meng2020differentiable,
  title={Differentiable Optimization of Generalized Nondecomposable Functions using Linear Programs},
  booktitle = {Advances in Neural Information Processing Systems},
  author={Meng, Zihang and Mukherjee, Lopamudra and Singh, Vikas and Ravi, Sathya N},
  volume = {34},
  year={2021}
}

