@inproceedings{cohen2016convolutional,
	title={Convolutional rectifier networks as generalized tensor decompositions},
	author={Cohen, Nadav and Shashua, Amnon},
	booktitle={International Conference on Machine Learning},
	pages={955--963},
	year={2016}
}

@article{lubich2015time,
	title={Time integration of tensor trains},
	author={Lubich, Christian and Oseledets, Ivan V and Vandereycken, Bart},
	journal={SIAM Journal on Numerical Analysis},
	volume={53},
	number={2},
	pages={917--941},
	year={2015},
	publisher={SIAM}
}

@inproceedings{
	khrulkov2018generalized,
	title={Generalized Tensor Models for Recurrent Neural Networks},
	author={Valentin Khrulkov and Oleksii Hrinchuk and Ivan Oseledets},
	booktitle={International Conference on Learning Representations},
	year={2019},
	url={https://openreview.net/forum?id=r1gNni0qtm},
}

@ARTICLE{6340355,
	author={T. Kaneko and S. Fiori and T. Tanaka},
	journal={IEEE Transactions on Signal Processing},
	title={Empirical Arithmetic Averaging Over the Compact Stiefel Manifold},
	year={2013},
	volume={61},
	number={4},
	pages={883-894},
	ISSN={1053-587X}}

@InProceedings{pmlr-v70-yang17e,
	title = 	 {Tensor-Train Recurrent Neural Networks for Video Classification},
	author = 	 {Yinchong Yang and Denis Krompass and Volker Tresp},
	booktitle = 	 {Internation Conference on Machine Learning},
	year = 	 {2017}
}

@article{klus2018tensor,
	title={Tensor-based dynamic mode decomposition},
	author={Klus, Stefan and Gel{\ss}, Patrick and Peitz, Sebastian and Sch{\"u}tte, Christof},
	journal={Nonlinearity},
	volume={31},
	number={7},
	pages={3359},
	year={2018},
	publisher={IOP Publishing}
}

@inproceedings{yu2017compressing,
	title={On compressing deep models by low rank and sparse decomposition},
	author={Yu, Xiyu and Liu, Tongliang and Wang, Xinchao and Tao, Dacheng},
	booktitle={CVPR},
	pages={7370--7379},
	year={2017}
}

@article{zhang2017tucker,
	title={A tucker deep computation model for mobile multimedia feature learning},
	author={Zhang, Qingchen and Yang, Laurence T and Liu, Xingang and Chen, Zhikui and Li, Peng},
	journal={ACM Transactions on Multimedia Computing, Communications, and Applications (TOMM)},
	volume={13},
	number={3s},
	pages={39},
	year={2017},
	publisher={ACM}
}

@inproceedings{cohen2016expressive,
	title={On the expressive power of deep learning: A tensor analysis},
	author={Cohen, Nadav and Sharir, Or and Shashua, Amnon},
	booktitle={Conference on Learning Theory},
	pages={698--728},
	year={2016}
}


@inproceedings{bingham2001random,
	title={Random projection in dimensionality reduction: applications to image and text data},
	author={Bingham, Ella and Mannila, Heikki},
	booktitle={SIGKDD ICKDDM},
	year={2001}
}

@inproceedings{ye2005two,
	title={Two-dimensional linear discriminant analysis},
	author={Ye, Jieping and Janardan, Ravi and Li, Qi},
	booktitle={NeurIPS},
	pages={1569--1576},
	year={2005}
}

@article{yu2015multi,
	title={Multi-scale context aggregation by dilated convolutions},
	author={Yu, Fisher and Koltun, Vladlen},
	journal={arXiv preprint arXiv:1511.07122},
	year={2015}
}

@inproceedings{donahue2015long,
	title={Long-term recurrent convolutional networks for visual recognition and description},
	author={Donahue, Jeffrey and Anne Hendricks, Lisa and Guadarrama, Sergio and Rohrbach, Marcus and Venugopalan, Subhashini and Saenko, Kate and Darrell, Trevor},
	booktitle={CVPR},
	pages={2625--2634},
	year={2015}
}

@inproceedings{srivastava2015unsupervised,
	title={Unsupervised learning of video representations using lstms},
	author={Srivastava, Nitish and Mansimov, Elman and Salakhudinov, Ruslan},
	booktitle={ICML},
	pages={843--852},
	year={2015}
}

@article{ashburner2014spm12,
	title={SPM12 manual},
	author={Ashburner, John and Barnes, Gareth and Chen, C and Daunizeau, Jean and Flandin, Guillaume and Friston, Karl and Kiebel, Stefan and Kilner, James and Litvak, Vladimir and Moran, Rosalyn and others},
	journal={Wellcome Trust Centre for Neuroimaging, London, UK},
	year={2014}
}

@inproceedings{gal2016dropout,
	title={Dropout as a Bayesian approximation: Representing model uncertainty in deep learning},
	author={Gal, Yarin and Ghahramani, Zoubin},
	booktitle={ICML},
	pages={1050--1059},
	year={2016}
}

@book{schmidt1996rey,
	title={Rey auditory verbal learning test: A handbook},
	author={Schmidt, Michael and others},
	year={1996},
	publisher={Western Psychological Services Los Angeles, CA}
}

@online{xiao2017/online,
  author       = {Han Xiao and Kashif Rasul and Roland Vollgraf},
  title        = {Fashion-MNIST: a Novel Image Dataset for Benchmarking Machine Learning Algorithms},
  date         = {2017-08-28},
  year         = {2017},
  eprintclass  = {cs.LG},
  eprinttype   = {arXiv},
  eprint       = {cs.LG/1708.07747},
}
@article{skinner2012alzheimer,
  title={The Alzheimer’s disease assessment scale-cognitive-plus (ADAS-Cog-Plus): an expansion of the ADAS-Cog to improve responsiveness in MCI},
  author={Skinner, Jeannine and Carvalho, Janessa O and Potter, Guy G and Thames, April and Zelinski, Elizabeth and Crane, Paul K and Gibbons, Laura E and ADNI and others},
  journal={Brain imaging and behavior},
  volume={6},
  number={4},
  pages={489--501},
  year={2012},
}

@article{holtz2012manifolds,
  title={On manifolds of tensors of fixed TT-rank},
  author={Holtz, Sebastian and Rohwedder, Thorsten and Schneider, Reinhold},
  journal={Numerische Mathematik},
  volume={120},
  number={4},
  year={2012},
}



@article{harshman1970foundations,
  title={Foundations of the PARAFAC procedure: Models and conditions for an" explanatory" multimodal factor analysis},
  author={Harshman, Richard A},
  year={1970},
  publisher={University of California at Los Angeles Los Angeles, CA}
}

@article{carroll1970analysis,
  title={Analysis of individual differences in multidimensional scaling via an N-way generalization of “Eckart-Young” decomposition},
  author={Carroll, J Douglas and Chang, Jih-Jie},
  journal={Psychometrika},
  volume={35},
  number={3},
  year={1970},
}

@article{oseledets2011tensor,
  title={Tensor-train decomposition},
  author={Oseledets, Ivan V},
  journal={SIAM Journal on Scientific Computing},
  volume={33},
  number={5},
  pages={2295--2317},
  year={2011},
  publisher={SIAM}
}
@inproceedings{novikov2015tensorizing,
  title={Tensorizing neural networks},
  author={Novikov, Alexander and Podoprikhin, Dmitrii and Osokin, Anton and Vetrov, Dmitry P},
  booktitle={NeurIPS},
  pages={442--450},
  year={2015}
}

@article{kolda2001orthogonal,
  title={Orthogonal tensor decompositions},
  author={Kolda, Tamara G},
  journal={SIAM Journal on Matrix Analysis and Applications},
  volume={23},
  number={1},
  pages={243--255},
  year={2001},
  publisher={SIAM}
}

@article{white2004short,
  title={Short-term memory in orthogonal neural networks},
  author={White, Olivia L and Lee, Daniel D and Sompolinsky, Haim},
  journal={Physical review letters},
  volume={92},
  number={14},
  pages={148102},
  year={2004},
  publisher={APS}
}

@article{yang1996orthogonal,
  title={An orthogonal neural network for function approximation},
  author={Yang, Shiow-Shung and Tseng, Ching-Shiow},
  journal={IEEE Transactions on Systems, Man, and Cybernetics, Part B (Cybernetics)},
  volume={26},
  number={5},
  pages={779--785},
  year={1996},
  publisher={IEEE}
}

@article{huang2017orthogonal,
  title={Orthogonal weight normalization: Solution to optimization over multiple dependent stiefel manifolds in deep neural networks},
  author={Huang, Lei and Liu, Xianglong and Lang, Bo and Yu, Adams Wei and Wang, Yongliang and Li, Bo},
  journal={arXiv preprint arXiv:1709.06079},
  year={2017}
}

@article{chakraborty2017statistics,
  title={Statistics on the (compact) Stiefel manifold: Theory and Applications},
  author={Chakraborty, Rudrasis and Vemuri, Baba},
  journal={arXiv preprint arXiv:1708.00045},
  year={2017}
}

@article{novikov2016exponential,
  title={Exponential machines},
  author={Novikov, Alexander and Trofimov, Mikhail and Oseledets, Ivan},
  journal={ICLR Workshop Track},
  year={2017}
}

@inproceedings{
khrulkov2018expressive,
title={Expressive power of recurrent neural networks},
author={Valentin Khrulkov and Alexander Novikov and Ivan Oseledets},
journal={ICLR},
year={2018},
url={https://openreview.net/forum?id=S1WRibb0Z},
}

@article{helfrich2017orthogonal,
  title={Orthogonal Recurrent Neural Networks with Scaled Cayley Transform},
  author={Helfrich, Kyle and Willmott, Devin and Ye, Qiang},
  journal={arXiv preprint arXiv:1707.09520},
  year={2017}
}

@inproceedings{arjovsky2016unitary,
  title={Unitary evolution recurrent neural networks},
  author={Arjovsky, Martin and Shah, Amar and Bengio, Yoshua},
  booktitle={ICML},
  pages={1120--1128},
  year={2016}
}

@inproceedings{wisdom2016full,
  title={Full-capacity unitary recurrent neural networks},
  author={Wisdom, Scott and Powers, Thomas and Hershey, John and Le Roux, Jonathan and Atlas, Les},
  booktitle={NIPS},
  pages={4880--4888},
  year={2016}
}

@inproceedings{jing2017tunable,
  title={Tunable Efficient Unitary Neural Networks (EUNN) and their application to RNNs},
  author={Jing, Li and Shen, Yichen and Dubcek, Tena and Peurifoy, John and Skirlo, Scott and LeCun, Yann and Tegmark, Max and Solja{\v{c}}i{\'c}, Marin},
  booktitle={ICML},
  pages={1733--1741},
  year={2017}
}

@inproceedings{mhammedi2017efficient,
  title={Efficient Orthogonal Parametrisation of Recurrent Neural Networks Using Householder Reflections},
  author={Mhammedi, Zakaria and Hellicar, Andrew and Rahman, Ashfaqur and Bailey, James},
  booktitle={ICML},
  pages={2401--2409},
  year={2017}
}
