@inproceedings{Tron2007AAlgorithms,
	title = {{A benchmark for the comparison of 3-d motion segmentation algorithms}},
	year = {2007},
	booktitle = {Computer Vision and Pattern Recognition, 2007. CVPR'07. IEEE Conference on},
	author = {Tron, Roberto and Vidal, René},
	pages = {1--8}
}

@article{Moakher2005AMatrices,
	title = {{A differential geometric approach to the geometric mean of symmetric positive-definite matrices}},
	year = {2005},
	journal = {SIMAX},
	author = {Moakher, Maher},
	number = {3},
	pages = {735--747},
	volume = {26}
}

@inproceedings{Scholkopf2001ATheorem,
	title = {{A generalized representer theorem}},
	year = {2001},
	booktitle = {Computational learning theory},
	author = {Sch{\"{o}}lkopf, Bernhard and Herbrich, Ralf and Smola, Alex J},
	pages = {416--426}
}

@inproceedings{Scholkopf2001ATheoremb,
	title = {{A generalized representer theorem}},
	year = {2001},
	booktitle = {Computational learning theory},
	author = {Sch{\"{o}}lkopf, Bernhard and Herbrich, Ralf and Smola, Alex J},
	pages = {416--426}
}

@inproceedings{Chakraborty2017ASpans,
	title = {{A Geometric Framework for Statistical Analysis of Trajectories with Distinct Temporal Spans}},
	year = {2017},
	booktitle = {Proceedings of the IEEE International Conference on Computer Vision},
	author = {Chakraborty, R. and Singh, V. and Adluru, N. and Vemuri, B.C.},
	number = {},
	volume = {2017-Octob},
	isbn = {9781538610329},
	doi = {10.1109/ICCV.2017.28},
	issn = {15505499}
}

@article{Ghosal2013AClassification,
	title = {{A hierarchical approach for speech-instrumental-song classification}},
	year = {2013},
	journal = {SpringerPlus},
	author = {Ghosal, A. and Chakraborty, R. and Dhara, B.C. and Saha, S.K.},
	number = {1},
	volume = {2},
	doi = {10.1186/2193-1801-2-526},
	issn = {21931801},
	keywords = {Audio texture, Instrumental/Song classification, Mel frequency cepstral co-efficient, Random sample and consensus, Speech/Music classification}
}

@inproceedings{Banerjee2016AAnalysis,
	title = {{A nonlinear regression technique for manifold valued data with applications to medical image analysis}},
	year = {2016},
	booktitle = {Proceedings of the IEEE Computer Society Conference on Computer Vision and Pattern Recognition},
	author = {Banerjee, M. and Chakraborty, R. and Ofori, E. and Okun, M.S. and Vaillancourt, D.E. and Vemuri, B.C.},
	number = {},
	volume = {2016-Janua},
	isbn = {9781467388511},
	issn = {10636919}
}

@inproceedings{Banerjee2016AAnalysisb,
	title = {{A nonlinear regression technique for manifold valued data with applications to medical image analysis}},
	year = {2016},
	booktitle = {Proceedings of the IEEE Conference on Computer Vision and Pattern Recognition},
	author = {Banerjee, Monami and Chakraborty, Rudrasis and Ofori, Edward and Okun, Michael S and Viallancourt, David E and Vemuri, Baba C},
	pages = {4424--4432}
}

@article{Goh2011AMorphometry,
	title = {{A nonparametric Riemannian framework for processing high angular resolution diffusion images and its applications to ODF-based morphometry}},
	year = {2011},
	journal = {NeuroImage},
	author = {Goh, Alvina and Lenglet, Christophe and Thompson, Paul M and Vidal, René},
	pages = {1181--1201}
}

@article{Cheng2013ATracking,
	title = {{A novel dynamic system in the space of SPD matrices with applications to appearance tracking}},
	year = {2013},
	journal = {SIAM journal on imaging sciences},
	author = {Cheng, Guang and Vemuri, Baba C},
	number = {1},
	pages = {592--615},
	volume = {6},
	publisher = {SIAM}
}

@inproceedings{Ncube2011AData,
	title = {{A novel Riemannian metric for analyzing HARDI data}},
	year = {2011},
	booktitle = {SPIE Medical Imaging},
	author = {Ncube, Sentibaleng and Srivastava, Anuj},
	pages = {79620Q–79620Q}
}

@inproceedings{Tyagi2008AManifolds,
	title = {{A recursive filter for linear systems on Riemannian manifolds}},
	year = {2008},
	booktitle = {Computer Vision and Pattern Recognition, 2008. CVPR 2008. IEEE Conference on},
	author = {Tyagi, Ambrish and Davis, James W},
	pages = {1--8}
}

@inproceedings{Deng2014ATransform,
	title = {{A Riemannian Framework for Matching Point Clouds Represented by the Schrodinger Distance Transform}},
	year = {2014},
	booktitle = {CVPR},
	author = {Deng, Yan and Rangarajan, Anand and Eisenschenk, Stephan and Vemuri, Baba C}
}

@incollection{Cheng2009AComputing,
	title = {{A Riemannian framework for orientation distribution function computing}},
	year = {2009},
	booktitle = {MICCAI},
	author = {Cheng, Jian and Ghosh, Aurobrata and Jiang, Tianzi and Deriche, Rachid},
	pages = {911--918}
}

@article{Pennec2006AComputing,
	title = {{A Riemannian framework for tensor computing}},
	year = {2006},
	journal = {International Journal of Computer Vision},
	author = {Pennec, Xavier and Fillard, Pierre and Ayache, Nicholas},
	number = {1},
	pages = {41--66},
	volume = {66},
	publisher = {Springer}
}

@article{KendallWilfridS2010AData,
	title = {{A Survey of Riemannian Centres of Mass for Data}},
	year = {2010},
	journal = {Proceedings 59th ISI World Statistics Congress},
	author = {{Kendall Wilfrid S}}
}

@inproceedings{Aggarwal2004ARecognition,
	title = {{A system identification approach for video-based face recognition}},
	year = {2004},
	booktitle = {ICPR},
	author = {Aggarwal, Gaurav and Chowdhury, Amit K Roy and Chellappa, Rama},
	pages = {175--178},
	volume = {4}
}

@article{Jian2007ADWMRI,
	title = {{A Unified Computational Framework for Deconvolution to Reconstruct{\\\}Multiple Fibers From DWMRI}},
	year = {2007},
	journal = {IEEE TMI},
	author = {Jian, Bing and Vemuri, Baba C},
	pages = {1464--1471},
	volume = {26},
	doi = {10.1109/TMI.2007.907552}
}

@article{Lee2005AcquiringLighting,
	title = {{Acquiring Linear Subspaces for Face Recognition under Variable Lighting }},
	year = {2005},
	journal = {IEEE TPAMI},
	author = {Lee, K C and Ho, J and Kriegman, D},
	number = {5},
	pages = {684--698},
	volume = {27}
}

@article{Avants2009AdvancedANTS,
	title = {{Advanced normalization tools (ANTS)}},
	year = {2009},
	journal = {Insight j},
	author = {Avants, Brian B and Tustison, Nick and Song, Gang},
	pages = {1--35},
	volume = {2}
}

@article{Lui2012AdvancesVision,
	title = {{Advances in matrix manifolds for computer vision}},
	year = {2012},
	journal = {Image and Vision Computing},
	author = {Lui, Yui Man},
	number = {6},
	pages = {380--388},
	volume = {30},
	publisher = {Elsevier}
}

@inproceedings{Patrangenaru2003AffineAnalysis,
	title = {{Affine shape analysis and image analysis}},
	year = {2003},
	booktitle = {22nd Leeds Annual Statistics Research Workshop},
	author = {Patrangenaru, Vic and Mardia, Kanti V}
}

@incollection{Li2010AligningManifold,
	title = {{Aligning spatio-temporal signals on a special manifold}},
	year = {2010},
	booktitle = {Computer Vision–ECCV 2010},
	author = {Li, Ruonan and Chellappa, Rama},
	pages = {547--560},
	publisher = {Springer}
}

@inproceedings{Chakraborty2016AnManifolds,
	title = {{An efficient exact-PGA algorithm for constant curvature manifolds}},
	year = {2016},
	booktitle = {Proceedings of the IEEE Computer Society Conference on Computer Vision and Pattern Recognition},
	author = {Chakraborty, R. and Seo, D. and Vemuri, B.C.},
	number = {},
	volume = {2016-Janua},
	isbn = {9781467388511},
	issn = {10636919}
}

@article{Salehian2015AnAnalysis,
	title = {{An efficient recursive estimator of the Fr{\'{e}}chet mean on a hypersphere with applications to Medical Image Analysis}},
	year = {2015},
	journal = {Mathematical Foundations of Computational Anatomy},
	author = {Salehian, Hesamoddin and Chakraborty, Rudrasis and Ofori, Edward and Vaillancourt, David and Vemuri, Baba C}
}

@book{Boothby1986AnGeometry,
	title = {{An introduction to differentiable manifolds and Riemannian geometry}},
	year = {1986},
	author = {Boothby, William M},
	volume = {120},
	publisher = {Academic press}
}

@article{Lucas1981AnVision,
	title = {{An iterative image registration technique with an application to stereo vision}},
	year = {1981},
	author = {Lucas, Bruce D and Kanade, Takeo and {others}},
	publisher = {Vancouver, BC, Canada}
}

@article{Hotelling1933AnalysisComponents.,
	title = {{Analysis of a complex of statistical variables into principal components.}},
	year = {1933},
	journal = {Journal of educational psychology},
	author = {Hotelling, Harold},
	number = {6},
	pages = {417},
	volume = {24},
	publisher = {Warwick {\&} York}
}

@article{Hotelling1933AnalysisComponents.b,
	title = {{Analysis of a complex of statistical variables into principal components.}},
	year = {1933},
	journal = {Journal of educational psychology},
	author = {Hotelling, Harold},
	number = {6},
	pages = {417},
	volume = {24},
	publisher = {Warwick {\&} York}
}

@inproceedings{Mahadevan2010AnomalyScenes.,
	title = {{Anomaly detection in crowded scenes.}},
	year = {2010},
	booktitle = {CVPR},
	author = {Mahadevan, Vijay and Li, Weixin and Bhalodia, Viral and Vasconcelos, Nuno},
	pages = {250},
	volume = {249}
}

@inproceedings{Mahadevan2010AnomalyScenes.b,
	title = {{Anomaly detection in crowded scenes.}},
	year = {2010},
	booktitle = {CVPR},
	author = {Mahadevan, Vijay and Li, Weixin and Bhalodia, Viral and Vasconcelos, Nuno},
	pages = {250},
	volume = {249}
}

@article{Chikuse1991AsymptoticManifold,
	title = {{Asymptotic expansions for distributions of the large sample matrix resultant and related statistics on the Stiefel manifold}},
	year = {1991},
	journal = {Journal of multivariate analysis},
	author = {Chikuse, Yasuko},
	number = {2},
	pages = {270--283},
	volume = {39},
	publisher = {Elsevier}
}

@inproceedings{Cheng2011AtlasFields,
	title = {{Atlas construction from high angular resolution diffusion imaging data represented by Gaussian Mixture fields}},
	year = {2011},
	booktitle = {Biomedical Imaging: From Nano to Macro, 2011 IEEE International Symposium on},
	author = {Cheng, Guang and Vemuri, Baba C and Hwang, Min-Sig and Howland, Dena and Forder, John R},
	pages = {549--552}
}

@book{Ghosal2011AutomaticMFCC,
	title = {{Automatic identification of instrument type in music signal using wavelet and MFCC}},
	year = {2011},
	booktitle = {Communications in Computer and Information Science},
	author = {Ghosal, A. and Chakraborty, R. and Dhara, B.C. and Saha, S.K.},
	number = {},
	volume = {157 CCIS},
	isbn = {9783642227851},
	doi = {10.1007/978-3-642-22786-8{\_}71},
	issn = {18650929},
	keywords = {Audio classification, Instrument identification, MFCC, Music retrieval, RANSAC, Wavelet feature}
}

@article{Li2003AutomaticApproach,
	title = {{Automatic linguistic indexing of pictures by a statistical modeling approach}},
	year = {2003},
	journal = {PAMI},
	author = {Li, Jia and Wang, James Z},
	number = {},
	pages = {},
	volume = {},
	publisher = {IEEE}
}

@article{Miller2012AveragingTrees,
	title = {{Averaging metric phylogenetic trees}},
	year = {2012},
	journal = {arXiv preprint arXiv:1211.7046},
	author = {Miller, Ezra and Owen, Megan and Provan, J Scott}
}

@article{Srivastava2004BayesianTracking,
	title = {{Bayesian and geometric subspace tracking}},
	year = {2004},
	journal = {Advances in Applied Probability},
	author = {Srivastava, Anuj and Klassen, Eric},
	pages = {43--56},
	publisher = {JSTOR}
}

@article{Du2013BayesianImaging,
	title = {{Bayesian Estimation of White Matter Atlas from High Angular Resolution Diffusion Imaging}},
	year = {2013},
	journal = {arXiv preprint arXiv:1310.3233},
	author = {Du, Jia and Goh, Alvina and Qiu, Anqi}
}

@inproceedings{Charfi2013BhattacharyyaFields,
	title = {{Bhattacharyya median of symmetric positive-definite matrices and application to the denoising of diffusion-tensor fields}},
	year = {2013},
	booktitle = {Biomedical Imaging (ISBI), 2013 IEEE 10th International Symposium on},
	author = {Charfi, Malek and Chebbi, Zeineb and Moakher, Maher and Vemuri, Baba C},
	pages = {1227--1230}
}

@incollection{Kim2014CanonicalApplications,
	title = {{Canonical Correlation Analysis on Riemannian Manifolds and Its Applications}},
	year = {2014},
	booktitle = {ECCV},
	author = {Kim, Hyunwoo J and Adluru, Nagesh and Bendlin, Barbara B and Johnson, Sterling C and Vemuri, Baba C and Singh, Vikas},
	pages = {251--267}
}

@article{Woods2003CharacterizingImplementation,
	title = {{Characterizing volume and surface deformations in an atlas framework: theory, applications, and implementation}},
	year = {2003},
	journal = {NeuroImage},
	author = {Woods, Roger P},
	number = {3},
	pages = {769--788},
	volume = {18},
	publisher = {Elsevier}
}

@book{Cheeger1975ComparisonGeometry,
	title = {{Comparison theorems in Riemannian geometry}},
	year = {1975},
	author = {Cheeger, Jeff and Ebin, D G},
	volume = {365},
	publisher = {American Mathematical Soc.}
}

@article{Ziyan2009ConsistencyMRI,
	title = {{Consistency clustering: a robust algorithm for group-wise registration, segmentation and automatic atlas construction in diffusion MRI}},
	year = {2009},
	journal = {International journal of computer vision},
	author = {Ziyan, Ulas and Sabuncu, Mert R and Grimson, W Eric L and Westin, Carl-Fredrik},
	number = {3},
	pages = {279--290},
	volume = {85},
	publisher = {Springer}
}

@book{Boyd2004ConvexOptimization,
	title = {{Convex optimization}},
	year = {2004},
	author = {Boyd, Stephen and Vandenberghe, Lieven},
	publisher = {Cambridge university press}
}

@book{Boyd2004ConvexOptimizationb,
	title = {{Convex optimization}},
	year = {2004},
	author = {Boyd, Stephen and Vandenberghe, Lieven},
	publisher = {Cambridge university press}
}

@inproceedings{Tabia2014CovarianceRetrieval,
	title = {{Covariance descriptors for 3D shape matching and retrieval}},
	year = {2014},
	booktitle = {Proceedings of the IEEE Conference on Computer Vision and Pattern Recognition},
	author = {Tabia, Hedi and Laga, Hamid and Picard, David and Gosselin, Philippe-Henri},
	pages = {4185--4192}
}

@inproceedings{Porikli2006CovarianceAlgebra,
	title = {{Covariance tracking using model update based on lie algebra}},
	year = {2006},
	booktitle = {Computer Vision and Pattern Recognition, 2006 IEEE Computer Society Conference on},
	author = {Porikli, Fatih and Tuzel, Oncel and Meer, Peter},
	pages = {728--735},
	volume = {1}
}

@article{Zhang2006DeformableOptimization,
	title = {{Deformable registration of diffusion tensor MR images with explicit orientation optimization}},
	year = {2006},
	journal = {Medical image analysis},
	author = {Zhang, Hui and Yushkevich, Paul A and Alexander, Daniel C and Gee, James C},
	number = {5},
	pages = {764--785},
	volume = {10},
	publisher = {Elsevier}
}

@article{Varentsova2014DevelopmentTemplate,
	title = {{Development of a high angular resolution diffusion imaging human brain template}},
	year = {2014},
	journal = {NeuroImage},
	author = {Varentsova, Anna and Zhang, Shengwei and Arfanakis, Konstantinos},
	pages = {177--186},
	volume = {91},
	publisher = {Elsevier}
}

@inproceedings{Sun2013DictionaryFields,
	title = {{Dictionary learning on the manifold of square root densities and application to reconstruction of diffusion propagator fields}},
	year = {2013},
	booktitle = {IPMI},
	author = {Sun, Jiaqi and Xie, Yuchen and {others}},
	pages = {619--631}
}

@book{Helgason1979DifferentialSpaces,
	title = {{Differential geometry, Lie groups, and symmetric spaces}},
	year = {1979},
	author = {Helgason, Sigurdur},
	volume = {80},
	publisher = {Academic press}
}

@article{Rao1987DifferentialSpaces,
	title = {{Differential metrics in probability spaces}},
	year = {1987},
	journal = {Differential geometry in statistical inference},
	author = {Rao, C Radakrishna},
	pages = {217--240},
	volume = {10}
}

@article{Tuch2003DiffusionArchitecture,
	title = {{Diffusion MRI of complex neural architecture}},
	year = {2003},
	journal = {Neuron},
	author = {Tuch, David S and Reese, Timothy G and Wiegell, Mette R and Wedeen, Van J},
	number = {5},
	pages = {885--895},
	volume = {40}
}

@book{Mardia2009DirectionalStatistics,
	title = {{Directional statistics}},
	year = {2009},
	author = {Mardia, Kanti V and Jupp, Peter E},
	volume = {494},
	publisher = {John Wiley {\&} Sons}
}

@inproceedings{Subbarao2007DiscontinuityManifolds,
	title = {{Discontinuity preserving filtering over analytic manifolds}},
	year = {2007},
	booktitle = {CVPR},
	author = {Subbarao, Raghav and Meer, Peter},
	pages = {1--6}
}

@incollection{Afsari2014DistancesSurvey,
	title = {{Distances on spaces of high-dimensional linear stochastic processes: A survey}},
	year = {2014},
	booktitle = {Geometric Theory of Information},
	author = {Afsari, Bijan and Vidal, René},
	pages = {219--242},
	publisher = {Springer}
}

@article{Lowe2004DistinctiveKeypoints,
	title = {{Distinctive image features from scale-invariant keypoints}},
	year = {2004},
	journal = {IJCV},
	author = {Lowe, David G},
	number = {2},
	pages = {91--110},
	volume = {60}
}

@article{Lenglet2006DTIEvolution,
	title = {{DTI segmentation by statistical surface evolution}},
	year = {2006},
	journal = {IEEE Transactions on Medical Imaging},
	author = {Lenglet, C and Rousson, M and Deriche, R},
	number = {6},
	pages = {685--700},
	volume = {25}
}

@article{Wang2005DTIMeasure,
	title = {{DTI segmentation using an information theoretic tensor dissimilarity{\\\}measure}},
	year = {2005},
	journal = {IEEE Trans. on Medical Imaging},
	author = {Wang, Z and Vemuri, B C},
	number = {10},
	pages = {1267--1277},
	volume = {24}
}

@article{Pons-Moll2015Dyna:Motion,
	title = {{Dyna: A Model of Dynamic Human Shape in Motion}},
	year = {2015},
	journal = {SIGGRAPH},
	author = {Pons-Moll, Gerard and Romero, Javier and Mahmood, Naureen and Black, Michael J},
	number = {4},
	month = {8},
	pages = {120:1–120:14},
	volume = {34}
}

@article{Pons-Moll2015Dyna:Motionb,
	title = {{Dyna: A Model of Dynamic Human Shape in Motion}},
	year = {2015},
	journal = {SIGGRAPH},
	author = {Pons-Moll, Gerard and Romero, Javier and Mahmood, Naureen and Black, Michael J},
	number = {4},
	month = {8},
	pages = {120:1–120:14},
	volume = {34}
}

@article{Doretto2003DynamicTextures,
	title = {{Dynamic textures}},
	year = {2003},
	journal = {International Journal of Computer Vision},
	author = {Doretto, Gianfranco and Chiuso, Alessandro and Wu, Ying Nian and Soatto, Stefano},
	number = {2},
	pages = {91--109},
	volume = {51},
	publisher = {Springer}
}

@inproceedings{Cheng2012EfficientSegmentation,
	title = {{Efficient recursive algorithms for computing the mean diffusion tensor and applications to DTI segmentation}},
	year = {2012},
	booktitle = {ECCV},
	author = {Cheng, Guang and Salehian, Hesamoddin and Vemuri, Baba C}
}

@inproceedings{Cherian2011EfficientDivergence,
	title = {{Efficient similarity search for covariance matrices via the JB LogDet Divergence}},
	year = {2011},
	booktitle = {ICCV},
	author = {Cherian, A and Sra, S and Banerjee, A and Papanikolopoulos, N},
	pages = {2399--2406}
}

@book{Grenander1996ElementsTheory,
	title = {{Elements of pattern theory}},
	year = {1996},
	author = {Grenander, Ulf},
	publisher = {JHU Press}
}

@book{Baisnab1993ElementsStatistics,
	title = {{Elements of Probability and Statistics}},
	year = {1993},
	author = {Baisnab, A P and Jas, A P Baisnab Manoranjan},
	publisher = {Tata McGraw-Hill Education}
}

@article{Roweis1998EMSPCA,
	title = {{EM algorithms for PCA and SPCA}},
	year = {1998},
	journal = {Advances in neural information processing systems},
	author = {Roweis, Sam},
	pages = {626--632},
	publisher = {MORGAN KAUFMANN PUBLISHERS}
}

@article{Roweis1998EMSPCAb,
	title = {{EM algorithms for PCA and SPCA}},
	year = {1998},
	journal = {Advances in neural information processing systems},
	author = {Roweis, Sam},
	pages = {626--632},
	publisher = {MORGAN KAUFMANN PUBLISHERS}
}

@article{Kaneko2013EmpiricalManifold,
	title = {{Empirical arithmetic averaging over the compact Stiefel manifold}},
	year = {2013},
	journal = {Signal Processing, IEEE Transactions on},
	author = {Kaneko, Tetsuya and Fiori, Simone and Tanaka, Toshihisa},
	number = {4},
	pages = {883--894},
	volume = {61},
	publisher = {IEEE}
}

@article{Tristan-Vega2009EstimationImaging,
	title = {{Estimation of fiber orientation probability density functions in high angular resolution diffusion imaging}},
	year = {2009},
	journal = {NeuroImage},
	author = {Trist{\'{a}}n-Vega, Antonio and Westin, Carl-Fredrik and Aja-Fern{\'{a}}ndez, Santiago}
}

@inproceedings{Said2007Exact3,
	title = {{Exact principal geodesic analysis for data on so (3)}},
	year = {2007},
	booktitle = {Proceedings of the 15th European Signal Processing Conference, EUSIPCO-2007},
	author = {Said, Salem and Courty, Nicolas and Le Bihan, Nicolas and Sangwine, Stephen J and {others}},
	pages = {1700--1705}
}

@misc{Ziller2007ExamplesCurvature,
	title = {{Examples of Riemannian Manifolds with non-negative sectional curvature }},
	year = {2007},
	author = {Ziller, Wolfgang}
}

@inproceedings{Fillard2005ExtrapolationVariability.,
	title = {{Extrapolation of sparse tensor fields: application to the modeling of brain variability.}},
	year = {2005},
	booktitle = {IPMI},
	author = {Fillard, P and Arsigny, V and Pennec, X and Thompson, M and Ayache, N}
}

@article{Chakraborty2015FeatureRedundancy,
	title = {{Feature selection using a neural framework with controlled redundancy}},
	year = {2015},
	journal = {IEEE Transactions on Neural Networks and Learning Systems},
	author = {Chakraborty, R. and Pal, N.R.},
	number = {1},
	volume = {26},
	doi = {10.1109/TNNLS.2014.2308902},
	issn = {21622388},
	keywords = {Dimensionality reduction, feature selection, neural network, redundancy control.}
}

@article{Costa2015FisherReading,
	title = {{Fisher information distance: a geometrical reading}},
	year = {2015},
	journal = {Discrete Applied Mathematics},
	author = {Costa, Sueli I R and Santos, Sandra A and Strapasson, João E},
	pages = {59--69},
	volume = {197},
	publisher = {Elsevier}
}

@book{Kobayashi1963FoundationsGeometry,
	title = {{Foundations of differential geometry}},
	year = {1963},
	author = {Kobayashi, Shoshichi and Nomizu, Katsumi},
	publisher = {New York}
}

@article{Georghiades2001FromPose,
	title = {{From few to many: Illumination cone models for face recognition under variable lighting and pose}},
	year = {2001},
	journal = {IEEE transactions on pattern analysis and machine intelligence},
	author = {Georghiades, Athinodoros S and Belhumeur, Peter N and Kriegman, David J},
	number = {6},
	pages = {643--660},
	volume = {23},
	publisher = {IEEE}
}

@article{Georghiades2001FromPoseb,
	title = {{From few to many: Illumination cone models for face recognition under variable lighting and pose}},
	year = {2001},
	journal = {IEEE transactions on pattern analysis and machine intelligence},
	author = {Georghiades, Athinodoros S and Belhumeur, Peter N and Kriegman, David J},
	number = {6},
	pages = {643--660},
	volume = {23},
	publisher = {IEEE}
}

@misc{2000GatorData,
	title = {{Gator Bait data}},
	year = {2000},
	howpublished = {https://www.cise.ufl.edu/̃anand/publications.html}
}

@inproceedings{Fletcher2003GaussianAnalysis,
	title = {{Gaussian distributions on Lie groups and their application to statistical shape analysis}},
	year = {2003},
	booktitle = {Biennial International Conference on Information Processing in Medical Imaging},
	author = {Fletcher, P Thomas and Joshi, Sarang and Lu, Conglin and Pizer, Stephen M},
	pages = {450--462}
}

@article{Said2016GaussianMatrices,
	title = {{Gaussian distributions on Riemannian symmetric spaces: statistical learning with structured covariance matrices}},
	year = {2016},
	journal = {arXiv preprint arXiv:1607.06929},
	author = {Said, Salem and Hajri, Hatem and Bombrun, Lionel and Vemuri, Baba C}
}

@book{Ghosal2014Genre-basedFeatures,
	title = {{Genre-based classification of song using perceptual features}},
	year = {2014},
	booktitle = {Advances in Intelligent Systems and Computing},
	author = {Ghosal, A. and Chakraborty, R. and Dhara, B.C. and Saha, S.K.},
	number = {},
	volume = {243},
	isbn = {9788132216643},
	doi = {10.1007/978-81-322-1665-0{\_}26},
	issn = {21945357},
	keywords = {Amplitude variation, Pitch, Song genre, Tempo}
}

@article{Fletcher2013GeodesicManifolds,
	title = {{Geodesic regression and the theory of least squares on Riemannian manifolds}},
	year = {2013},
	journal = {International journal of computer vision},
	author = {Fletcher, P Thomas},
	number = {2},
	pages = {171--185},
	volume = {105},
	publisher = {Springer}
}

@article{Ando2004GeometricMeans,
	title = {{Geometric means}},
	year = {2004},
	journal = {Linear algebra and its applications},
	author = {Ando, Tsuyoshi and Li, Chi-Kwong and Mathias, Roy},
	pages = {305--334},
	volume = {385},
	publisher = {Elsevier}
}

@inproceedings{Hauberg2014GrassmannPCA,
	title = {{Grassmann Averages for Scalable Robust PCA}},
	year = {2014},
	booktitle = { CVPR},
	author = {Hauberg, Søren and Feragen, Aasa and Black, Michael J},
	pages = {3810	–3817},
	doi = {http://dx.doi.org/10.1109/CVPR.2014.481}
}

@inproceedings{Hauberg2014GrassmannPCAb,
	title = {{Grassmann averages for scalable robust PCA}},
	year = {2014},
	booktitle = {Proceedings of the IEEE Conference on Computer Vision and Pattern Recognition},
	author = {Hauberg, Soren and Feragen, Aasa and Black, Michael J},
	pages = {3810--3817}
}

@inproceedings{Hamm2008GrassmannLearning,
	title = {{Grassmann discriminant analysis: a unifying view on subspace-based learning}},
	year = {2008},
	booktitle = {Proceedings of the 25th international conference on Machine learning},
	author = {Hamm, Jihun and Lee, Daniel D},
	pages = {376--383}
}

@inproceedings{Lui2008GrassmannRecognition,
	title = {{Grassmann registration manifolds for face recognition}},
	year = {2008},
	booktitle = {European conference on computer vision},
	author = {Lui, Yui Man and Beveridge, J Ross},
	pages = {44--57}
}

@inproceedings{Cetingul2012GroupProcessing,
	title = {{Group action induced averaging for HARDI processing}},
	year = {2012},
	booktitle = {ISBI},
	author = {Cetingul, Hasan Ertan and Afsari, Bijan and Wright, Margaret J and Thompson, Paul M and Vidal, René},
	pages = {1389--1392}
}

@inproceedings{Hong2015GroupData,
	title = {{Group testing for longitudinal data}},
	year = {2015},
	booktitle = {International Conference on Information Processing in Medical Imaging},
	author = {Hong, Yi and Singh, Nikhil and Kwitt, Roland and Niethammer, Marc},
	pages = {139--151}
}

@incollection{Barmpoutis2009GroupwiseMetric,
	title = {{Groupwise registration and atlas construction of 4th-order tensor fields using the ℝ+ Riemannian metric}},
	year = {2009},
	booktitle = {Medical Image Computing and Computer-Assisted Intervention–MICCAI 2009},
	author = {Barmpoutis, Angelos and Vemuri, Baba C},
	pages = {640--647},
	publisher = {Springer}
}

@article{Abramowitz1966HandbookFunctions,
	title = {{Handbook of mathematical functions}},
	year = {1966},
	journal = {Applied mathematics series},
	author = {Abramowitz, Milton and Stegun, Irene A and {others}},
	pages = {62},
	volume = {55}
}

@article{Abramowitz1966HandbookFunctionsb,
	title = {{Handbook of mathematical functions}},
	year = {1966},
	journal = {Applied mathematics series},
	author = {Abramowitz, Milton and Stegun, Irene A and {others}},
	pages = {62},
	volume = {55}
}

@incollection{Terras1985HarmonicApplications,
	title = {{Harmonic Analysis on Symmetric Spaces and Applications}},
	year = {1985},
	author = {Terras, A},
	publisher = {Springer-Verlag}
}

@book{Terras2012HarmonicII,
	title = {{Harmonic analysis on symmetric spaces and applications II}},
	year = {2012},
	author = {Terras, Audrey},
	publisher = {Springer Science {\&} Business Media}
}

@article{Vaillancourt2009High-resolutionDisease,
	title = {{High-resolution diffusion tensor imaging in the substantia nigra of de novo Parkinson disease}},
	year = {2009},
	journal = {Neurology},
	author = {Vaillancourt, D E and Spraker, M B and {others}},
	pages = {1378--1384},
	publisher = {AAN Enterprises}
}

@inproceedings{Dalal2005HistogramsDetection,
	title = {{Histograms of oriented gradients for human detection}},
	year = {2005},
	booktitle = {CVPR},
	author = {Dalal, Navneet and Triggs, Bill},
	pages = {886--893},
	volume = {1}
}

@article{Grove1973HowActions,
	title = {{How to conjugateC 1-close group actions}},
	year = {1973},
	journal = {Mathematische Zeitschrift},
	author = {Grove, Karsten and Karcher, Hermann},
	number = {1},
	pages = {11--20},
	volume = {132},
	publisher = {Springer}
}

@book{Iversen1992HyperbolicGeometry,
	title = {{Hyperbolic geometry}},
	year = {1992},
	author = {Iversen, Birger},
	volume = {25},
	publisher = {Cambridge University Press}
}

@book{Lenz1998IfProcessing,
	title = {{If I had a fisheye I would not need SO (1, n) or, Is hyperbolic geometry useful in image processing?}},
	year = {1998},
	author = {Lenz, Reiner and Granlund, Gösta},
	publisher = {Univ.}
}

@article{Bandyopadhyay2013IncorporatingData,
	title = {{Incorporating ∈-dominance in AMOSA: Application to multiobjective 0/1 knapsack problem and clustering gene expression data}},
	year = {2013},
	journal = {Applied Soft Computing Journal},
	author = {Bandyopadhyay, S. and Maulik, U. and Chakraborty, R.},
	number = {5},
	volume = {13},
	doi = {10.1016/j.asoc.2012.11.050},
	issn = {15684946},
	keywords = {Additive ∈-AMOSA, MOO strategy, Multiobjective knapsack problem, Multiobjective optimization, Multiobjective simulated annealing, Multiplicative ∈-AMOSA, ∈-Dominance}
}

@article{Nagayasu2013IncreasingEquation,
	title = {{Increasing stability in an inverse problem for the acoustic equation}},
	year = {2013},
	journal = {Inverse Problems},
	author = {Nagayasu, Sei and Uhlmann, Gunther and Wang, Jenn-Nan},
	number = {2},
	pages = {25012},
	volume = {29},
	publisher = {IOP Publishing}
}

@inproceedings{He2012IncrementalVideo,
	title = {{Incremental gradient on the grassmannian for online foreground and background separation in subsampled video}},
	year = {2012},
	booktitle = {CVPR},
	author = {He, Jun and Balzano, Laura and Szlam, Arthur},
	pages = {1568--1575}
}

@inproceedings{He2012IncrementalVideob,
	title = {{Incremental gradient on the grassmannian for online foreground and background separation in subsampled video}},
	year = {2012},
	booktitle = {CVPR},
	author = {He, Jun and Balzano, Laura and Szlam, Arthur},
	pages = {1568--1575}
}

@inproceedings{Ghosal2011Instrumental/songRANSAC,
	title = {{Instrumental/song classification of music signal using RANSAC}},
	year = {2011},
	booktitle = {ICECT 2011 - 2011 3rd International Conference on Electronics Computer Technology},
	author = {Ghosal, A. and Chakraborty, R. and Dhara, B.C. and Saha, S.K.},
	number = {},
	volume = {1},
	isbn = {9781424486779},
	doi = {10.1109/ICECTECH.2011.5941603},
	keywords = {Instrumental/song classification, MFCC, RANSAC, audio classification}
}

@inproceedings{Chakraborty2017IntrinsicLearning,
	title = {{Intrinsic grassmann averages for online linear and robust subspace learning}},
	year = {2017},
	booktitle = {Proceedings - 30th IEEE Conference on Computer Vision and Pattern Recognition, CVPR 2017},
	author = {Chakraborty, R. and Hauberg, S. and Vemuri, B.C.},
	number = {},
	volume = {2017-Janua},
	isbn = {9781538604571},
	doi = {10.1109/CVPR.2017.92}
}

@article{Chakraborty2017IntrinsicLearningb,
	title = {{Intrinsic Grassmann Averages for Online Linear and Robust Subspace Learning}},
	year = {2017},
	journal = {arXiv preprint arXiv:1702.01005},
	author = {Chakraborty, Rudrasis and Hauberg, Søren and Vemuri, Baba C}
}

@inproceedings{Cetingul2009IntrinsicManifolds,
	title = {{Intrinsic mean shift for clustering on Stiefel and Grassmann manifolds}},
	year = {2009},
	booktitle = {Computer Vision and Pattern Recognition, 2009. CVPR 2009. IEEE Conference on},
	author = {Cetingul, Hasan Ertan and Vidal, René},
	pages = {1896--1902}
}

@article{Huckemann2010IntrinsicActions,
	title = {{Intrinsic shape analysis: Geodesic PCA for Riemannian manifolds modulo isometric lie group actions}},
	year = {2010},
	journal = {Statistica Sinica},
	author = {Huckemann, Stephan and Hotz, Thomas and Munk, Axel},
	pages = {1--58},
	publisher = {JSTOR}
}

@article{Pennec2006IntrinsicMeasurements,
	title = {{Intrinsic statistics on Riemannian manifolds: Basic tools for geometric measurements}},
	year = {2006},
	journal = {Journal of Mathematical Imaging and Vision},
	author = {Pennec, Xavier},
	number = {1},
	pages = {127--154},
	volume = {25},
	publisher = {Springer}
}

@article{Pennec2006IntrinsicMeasurementsb,
	title = {{Intrinsic statistics on Riemannian manifolds: Basic tools for geometric measurements}},
	year = {2006},
	journal = {Journal of Mathematical Imaging and Vision},
	author = {Pennec, Xavier},
	number = {1},
	pages = {127--154},
	volume = {25},
	publisher = {Springer}
}

@article{Pennec2006IntrinsicMeasurementsc,
	title = {{Intrinsic statistics on Riemannian manifolds: Basic tools for geometric measurements}},
	year = {2006},
	journal = {Journal of Mathematical Imaging and Vision},
	author = {Pennec, Xavier},
	number = {1},
	pages = {127--154},
	volume = {25},
	publisher = {Springer}
}

@book{Coxeter1989IntroductionGeometry,
	title = {{Introduction to Geometry}},
	year = {1989},
	author = {Coxeter, H S M},
	edition = {2nd},
	publisher = {Wiley}
}

@incollection{Salehian2014IPGA:Classification,
	title = {{iPGA: Incremental Principal Geodesic Analysis with Applications to Movement Disorder Classification}},
	year = {2014},
	booktitle = {MICCAI},
	author = {Salehian, Hesamoddin and Vaillancourt, David and Vemuri, Baba C},
	pages = {765--772}
}

@inproceedings{Mika1998KernelSpaces.,
	title = {{Kernel PCA and De-noising in feature spaces.}},
	year = {1998},
	booktitle = {NIPS},
	author = {Mika, Sebastian and Sch{\"{o}}lkopf, Bernhard and Smola, Alexander J and M{\"{u}}ller, Klaus-Robert and Scholz, Matthias and R{\"{a}}tsch, Gunnar},
	pages = {536--542},
	volume = {11}
}

@incollection{Scholkopf1997KernelAnalysis,
	title = {{Kernel principal component analysis}},
	year = {1997},
	booktitle = {Artificial Neural Networks},
	author = {Sch{\"{o}}lkopf, Bernhard and Smola, Alexander and M{\"{u}}ller, Klaus-Robert},
	pages = {583--588},
	publisher = {Springer}
}

@incollection{Scholkopf1997KernelAnalysisb,
	title = {{Kernel principal component analysis}},
	year = {1997},
	booktitle = {Artificial Neural Networks},
	author = {Sch{\"{o}}lkopf, Bernhard and Smola, Alexander and M{\"{u}}ller, Klaus-Robert},
	pages = {583--588},
	publisher = {Springer}
}

@inproceedings{Frechet1948LesDistancie,
	title = {{Les {\'{e}}l{\'{e}}ments al{\'{e}}atoires de nature quelconque dans un espace distanci{\'{e}}}},
	year = {1948},
	booktitle = {Annales de l'institut Henri Poincar{\'{e}}},
	author = {Fr{\'{e}}chet, Maurice},
	pages = {215--310},
	volume = {10}
}

@inproceedings{Frechet1948LesDistancieb,
	title = {{Les {\'{e}}l{\'{e}}ments al{\'{e}}atoires de nature quelconque dans un espace distanci{\'{e}}}},
	year = {1948},
	booktitle = {Annales de l'institut Henri Poincar{\'{e}}},
	author = {Fr{\'{e}}chet, Maurice},
	number = {4},
	pages = {215--310},
	volume = {10}
}

@phdthesis{StThomas2015LinearGeometry,
	title = {{Linear Subspace and Manifold Learning via Extrinsic Geometry}},
	year = {2015},
	author = {St Thomas, Brian Stephen}
}

@article{Arsigny2006Log-EuclideanTensors,
	title = {{Log-Euclidean metrics for fast and simple calculus on diffusion{\\\}tensors}},
	year = {2006},
	journal = {Magn. Reson. Med.},
	author = {Arsigny, V and Fillard, P and Pennec, X and Ayache, N},
	pages = {411--421},
	volume = {56}
}

@misc{2012LondonOlympics,
	title = {{London Olympics}},
	year = {2012},
	howpublished = {https://www.olympic.org/london-2012}
}

@incollection{Sommer2010ManifoldApproximations,
	title = {{Manifold valued statistics, exact principal geodesic analysis and the effect of linear approximations}},
	year = {2010},
	booktitle = {ECCV},
	author = {Sommer, Stefan and Lauze, François and Hauberg, Søren and Nielsen, Mads},
	publisher = {Springer}
}

@article{Veeraraghavan2005MatchingAnalysis,
	title = {{Matching shape sequences in video with applications in human movement analysis}},
	year = {2005},
	journal = {IEEE TPAMI},
	author = {Veeraraghavan, Ashok and Roy-Chowdhury, Amit K and Chellappa, Rama},
	number = {12},
	pages = {1896--1909},
	volume = {27}
}

@book{Bhatia2013MatrixAnalysis,
	title = {{Matrix analysis}},
	year = {2013},
	author = {Bhatia, Rajendra},
	volume = {169},
	publisher = {Springer Science {\&} Business Media}
}

@book{Golub2012MatrixComputations,
	title = {{Matrix computations}},
	year = {2012},
	author = {Golub, Gene H and Van Loan, Charles F},
	volume = {3},
	publisher = {JHU Press}
}

@article{Hendriks1998MeanRegions,
	title = {{Mean location and sample mean location on manifolds: asymptotics, tests, confidence regions}},
	year = {1998},
	journal = {Journal of Multivariate Analysis},
	author = {Hendriks, Harrie and Landsman, Zinoviy},
	number = {2},
	pages = {227--243},
	volume = {67},
	publisher = {Elsevier}
}

@article{Chebbi2012MeansFunction,
	title = {{Means of Hermitian positive-definite matrices based on the log-determinant divergence function}},
	year = {2012},
	journal = {Linear Algebra and its Applications},
	author = {Chebbi, Z and Moakher, M},
	number = {},
	pages = {},
	volume = {40}
}

@book{Amari2007MethodsGeometry,
	title = {{Methods of information geometry}},
	year = {2007},
	author = {Amari, Shun-ichi and Nagaoka, Hiroshi},
	volume = {191},
	publisher = {American Mathematical Soc.}
}

@inproceedings{Jian2007MetricDecomposition,
	title = {{Metric learning using Iwasawa decomposition}},
	year = {2007},
	booktitle = {Computer Vision, 2007. ICCV 2007. IEEE 11th International Conference on},
	author = {Jian, Bing and Vemuri, Baba C},
	pages = {1--6}
}

@inproceedings{Tournier2009MotionAnalysis,
	title = {{Motion compression using principal geodesics analysis}},
	year = {2009},
	booktitle = {Computer Graphics Forum},
	author = {Tournier, Maxime and Wu, Xiaomao and Courty, Nicolas and Arnaud, Elise and Reveret, Lionel},
	number = {2},
	pages = {355--364},
	volume = {28}
}

@inproceedings{Kim2014MultivariateImages,
	title = {{Multivariate general linear models (MGLM) on Riemannian manifolds with applications to statistical analysis of diffusion weighted images}},
	year = {2014},
	booktitle = {Proceedings of the IEEE Conference on Computer Vision and Pattern Recognition},
	author = {Kim, Hyunwoo J and Adluru, Nagesh and Collins, Maxwell D and Chung, Moo K and Bendlin, Barbara B and Johnson, Sterling C and Davidson, Richard J and Singh, Vikas},
	pages = {2705--2712}
}

@inproceedings{Turaga2010Nearest-neighborApplications,
	title = {{Nearest-neighbor search algorithms on non-Euclidean manifolds for computer vision applications}},
	year = {2010},
	booktitle = {ICVGIP},
	author = {Turaga, Pavan and Chellappa, Rama},
	pages = {282--289}
}

@article{Groisser2004NewtonsMass,
	title = {{Newton's method, zeroes of vector fields, and the Riemannian center of mass}},
	year = {2004},
	journal = {Advances in Applied Mathematics},
	author = {Groisser, David},
	number = {1},
	pages = {95--135},
	volume = {33}
}

@article{Subbarao2009NonlinearManifolds,
	title = {{Nonlinear mean shift over Riemannian manifolds}},
	year = {2009},
	journal = {International Journal of Computer Vision},
	author = {Subbarao, Raghav and Meer, Peter},
	number = {1},
	pages = {1--20},
	volume = {84},
	publisher = {Springer}
}

@book{Banerjee2015NonlinearAnalysis,
	title = {{Nonlinear regression on riemannian manifolds and its applications to neuro-image analysis}},
	year = {2015},
	booktitle = {Lecture Notes in Computer Science (including subseries Lecture Notes in Artificial Intelligence and Lecture Notes in Bioinformatics)},
	author = {Banerjee, M. and Chakraborty, R. and Ofori, E. and Vaillancourt, D. and Vemuri, B.C.},
	number = {},
	volume = {9349},
	doi = {10.1007/978-3-319-24553-9{\_}88},
	issn = {16113349}
}

@misc{2000OASISData,
	title = {{OASIS data}},
	year = {2000},
	howpublished = {http://www.oasis-brains.org/}
}

@inproceedings{Lowe1999ObjectFeatures,
	title = {{Object recognition from local scale-invariant features}},
	year = {1999},
	booktitle = {CVPR},
	author = {Lowe, David G},
	pages = {1150--1157},
	volume = {2}
}

@inproceedings{Ho2013OnLearning,
	title = {{On a nonlinear generalization of sparse coding and dictionary learning}},
	year = {2013},
	booktitle = {International conference on machine learning},
	author = {Ho, Jeffrey and Xie, Yuchen and Vemuri, Baba},
	pages = {1480--1488}
}

@inproceedings{Ziezold1977OnSpaces,
	title = {{On expected figures and a strong law of large numbers for random elements in quasi-metric spaces}},
	year = {1977},
	booktitle = {Transactions of the Seventh Prague Conference on Information Theory, Statistical Decision Functions, Random Processes and of the 1974 European Meeting of Statisticians},
	author = {Ziezold, Herbert},
	pages = {591--602}
}

@article{Pearson1901OnSpace,
	title = {{On Lines and Planes of Closest Fit to System of Points in Space}},
	year = {1901},
	journal = {Philosophical Magazine},
	author = {Pearson, K},
	number = {11},
	pages = {559--572},
	volume = {2}
}

@article{Pearson1901OnSpaceb,
	title = {{On Lines and Planes of Closest Fit to System of Points in Space}},
	year = {1901},
	journal = {Philosophical Magazine},
	author = {Pearson, K},
	number = {11},
	pages = {559--572},
	volume = {2}
}

@article{Laptev2005OnPoints,
	title = {{On space-time interest points}},
	year = {2005},
	journal = {International journal of computer vision},
	author = {Laptev, Ivan},
	number = {2-3},
	pages = {107--123},
	volume = {64},
	publisher = {Springer}
}

@article{Moakher2006OnTensors,
	title = {{On the averaging of symmetric positive-definite tensors}},
	year = {2006},
	journal = {Journal of Elasticity},
	author = {Moakher, Maher},
	number = {3},
	pages = {273--296},
	volume = {82},
	publisher = {Springer}
}

@article{Afsari2013OnMass,
	title = {{On the convergence of gradient descent for finding the Riemannian center of mass}},
	year = {2013},
	journal = {SIAM Journal on Control and Optimization},
	author = {Afsari, Bijan and Tron, Roberto and Vidal, René},
	number = {3},
	pages = {2230--2260},
	volume = {51},
	publisher = {SIAM}
}

@article{Afsari2013OnMassb,
	title = {{On the convergence of gradient descent for finding the Riemannian center of mass}},
	year = {2013},
	journal = {SIAM J. on Control and Optimization},
	author = {Afsari, Bijan and Tron, Roberto and Vidal, René},
	number = {3},
	pages = {2230--2260},
	volume = {51}
}

@article{Groisser2005OnAlgorithms,
	title = {{On the convergence of some Procrustean averaging algorithms}},
	year = {2005},
	journal = {Stochastics An International Journal of Probability and Stochastic Processes},
	author = {Groisser, David},
	number = {1},
	pages = {31--60},
	volume = {77}
}

@article{Amarasinghe2012OnTheorem,
	title = {{On the standard lengths of angle bisectors and the angle bisector theorem}},
	year = {2012},
	journal = {Global Journal of Advanced Research on Classical and Modern Geometries},
	author = {Amarasinghe, G W},
	number = {1},
	volume = {1}
}

@article{Zha1999OnIndexing,
	title = {{On updating problems in latent semantic indexing}},
	year = {1999},
	journal = {SIAM Journal on Scientific Computing},
	author = {Zha, Hongyuan and Simon, Horst D},
	number = {2},
	pages = {782--791},
	volume = {21},
	publisher = {SIAM}
}

@article{Cappe2011OnlineExpectation-maximisation,
	title = {{Online expectation-maximisation}},
	year = {2011},
	journal = {Mixtures: Estimation and Applications},
	author = {Capp{\'{e}}, Olivier},
	pages = {31--53},
	publisher = {Citeseer}
}

@article{Cappe2011OnlineExpectation-maximisationb,
	title = {{Online expectation-maximisation}},
	year = {2011},
	journal = {Mixtures: Estimation and Applications},
	author = {Capp{\'{e}}, Olivier},
	pages = {31--53},
	publisher = {Citeseer}
}

@inproceedings{Balzano2010OnlineInformation,
	title = {{Online identification and tracking of subspaces from highly incomplete information}},
	year = {2010},
	booktitle = {Communication, Control, and Computing (Allerton), 2010 48th Annual Allerton Conference on},
	author = {Balzano, Laura and Nowak, Robert and Recht, Benjamin},
	pages = {704--711}
}

@inproceedings{Balzano2010OnlineInformationb,
	title = {{Online identification and tracking of subspaces from highly incomplete information}},
	year = {2010},
	booktitle = {Communication, Control, and Computing (Allerton), 2010 48th Annual Allerton Conference on},
	author = {Balzano, Laura and Nowak, Robert and Recht, Benjamin},
	pages = {704--711}
}

@inproceedings{Boutsidis2015OnlineAnalysis,
	title = {{Online principal components analysis}},
	year = {2015},
	booktitle = {Proceedings of the Twenty-Sixth Annual ACM-SIAM Symposium on Discrete Algorithms},
	author = {Boutsidis, Christos and Garber, Dan and Karnin, Zohar and Liberty, Edo},
	pages = {887--901}
}

@inproceedings{Boutsidis2015OnlineAnalysisb,
	title = {{Online principal components analysis}},
	year = {2015},
	booktitle = {Proceedings of the Twenty-Sixth Annual ACM-SIAM Symposium on Discrete Algorithms},
	author = {Boutsidis, Christos and Garber, Dan and Karnin, Zohar and Liberty, Edo},
	pages = {887--901}
}

@article{Lois2015OnlineCompletion,
	title = {{Online Robust PCA and Online Matrix Completion}},
	year = {2015},
	journal = {arXiv preprint arXiv:1503.03525},
	author = {Lois, B and Vaswani, N}
}

@article{Lois2015OnlineCompletionb,
	title = {{Online Robust PCA and Online Matrix Completion}},
	year = {2015},
	journal = {arXiv preprint arXiv:1503.03525},
	author = {Lois, B and Vaswani, N}
}

@inproceedings{Feng2013OnlineOptimization,
	title = {{Online robust pca via stochastic optimization}},
	year = {2013},
	booktitle = {Advances in Neural Information Processing Systems},
	author = {Feng, Jiashi and Xu, Huan and Yan, Shuicheng},
	pages = {404--412}
}

@inproceedings{Feng2013OnlineOptimizationb,
	title = {{Online robust pca via stochastic optimization}},
	year = {2013},
	booktitle = {Advances in Neural Information Processing Systems},
	author = {Feng, Jiashi and Xu, Huan and Yan, Shuicheng},
	pages = {404--412}
}

@article{Xu2014OnlineData,
	title = {{Online robust principal component analysis for background subtraction: A system evaluation on toyota car data}},
	year = {2014},
	author = {Xu, Xingqian}
}

@article{Xu2014OnlineDatab,
	title = {{Online robust principal component analysis for background subtraction: A system evaluation on toyota car data}},
	year = {2014},
	author = {Xu, Xingqian}
}

@article{Fraikin2007OptimizationManifold,
	title = {{Optimization over the Stiefel manifold}},
	year = {2007},
	journal = {PAMM},
	author = {Fraikin, Catherine and H{\"{u}}per, K and Dooren, P Van},
	number = {1},
	pages = {1062205--1062206},
	volume = {7},
	publisher = {Wiley Online Library}
}

@article{Conway1996PackingSpaces,
	title = {{Packing lines, planes, etc.: Packings in Grassmannian spaces}},
	year = {1996},
	journal = {Experimental mathematics},
	author = {Conway, John H and Hardin, Ronald H and Sloane, Neil J A},
	number = {2},
	pages = {139--159},
	volume = {5},
	publisher = {Taylor {\&} Francis}
}

@book{Christensen2011PlaneModels,
	title = {{Plane answers to complex questions: the theory of linear models}},
	year = {2011},
	author = {Christensen, Ronald},
	publisher = {Springer Science {\&} Business Media}
}

@article{Sra2011PositiveDivergence,
	title = {{Positive Definite Matrices and the Symmetric Stein Divergence}},
	year = {2011},
	journal = {Available in author's website at "http://people.kyb.tuebingen.mpg.de/suvrit/"},
	author = {Sra, S},
	number = {},
	pages = {},
	volume = {}
}

@article{Jolliffe2002PrincipalAnalysis,
	title = {{Principal component analysis and factor analysis}},
	year = {2002},
	journal = {Principal component analysis},
	author = {Jolliffe, Ian T},
	pages = {150--166},
	publisher = {Springer}
}

@article{Huckemann2006PrincipalSpaces,
	title = {{Principal component analysis for Riemannian manifolds, with an application to triangular shape spaces}},
	year = {2006},
	journal = {Advances in Applied Probability},
	author = {Huckemann, Stephan and Ziezold, Herbert},
	number = {2},
	pages = {299--319},
	volume = {38},
	publisher = {Cambridge University Press}
}

@article{Hauberg2016PrincipalManifolds,
	title = {{Principal curves on Riemannian manifolds}},
	year = {2016},
	journal = {IEEE transactions on pattern analysis and machine intelligence},
	author = {Hauberg, Søren},
	number = {9},
	pages = {1915--1921},
	volume = {38},
	publisher = {IEEE}
}

@article{Fletcher2004PrincipalShape,
	title = {{Principal geodesic analysis for the study of nonlinear statistics{\\\}of shape}},
	year = {2004},
	journal = {IEEE TMI},
	author = {Fletcher, P T and Lu, C and Pizer, S M and Joshi, S},
	number = {8},
	pages = {995--1005},
	volume = {23},
	doi = {10.1109/TMI.2004.831793},
	issn = {0278-0062}
}

@article{Fletcher2004PrincipalShapeb,
	title = {{Principal geodesic analysis for the study of nonlinear statistics of shape}},
	year = {2004},
	journal = {IEEE TMI},
	author = {Fletcher, P Thomas and Lu, Conglin and Pizer, Stephen M and Joshi, Sarang},
	number = {8},
	pages = {995--1005},
	volume = {23}
}

@article{Bandyopadhyay2015PriorityOptimization,
	title = {{Priority based dominance: A new measure in multiobjective optimization}},
	year = {2015},
	journal = {Information Sciences},
	author = {Bandyopadhyay, S. and Chakraborty, R. and Maulik, U.},
	number = {},
	volume = {305},
	doi = {10.1016/j.ins.2015.01.018},
	issn = {00200255},
	keywords = {Multiobjective knapsack problem, Multiobjective simulated annealing, PBE-AMOSA, {$\epsilon$}-dominance}
}

@article{Tipping1999ProbabilisticAnalysis,
	title = {{Probabilistic principal component analysis}},
	year = {1999},
	journal = {Journal of the Royal Statistical Society: Series B (Statistical Methodology)},
	author = {Tipping, Michael E and Bishop, Christopher M},
	number = {3},
	pages = {611--622},
	volume = {61},
	publisher = {Wiley Online Library}
}

@article{Tipping1999ProbabilisticAnalysisb,
	title = {{Probabilistic principal component analysis}},
	year = {1999},
	journal = {Journal of the Royal Statistical Society: Series B (Statistical Methodology)},
	author = {Tipping, Michael E and Bishop, Christopher M},
	number = {3},
	pages = {611--622},
	volume = {61},
	publisher = {Wiley Online Library}
}

@inproceedings{Zhang2013ProbabilisticAnalysis,
	title = {{Probabilistic Principal Geodesic Analysis}},
	year = {2013},
	booktitle = {NIPS},
	author = {Zhang, Miaomiao and Fletcher, P Thomas}
}

@inproceedings{Pennec1999ProbabilitiesMeasurements.,
	title = {{Probabilities and statistics on Riemannian manifolds: Basic tools for geometric measurements.}},
	year = {1999},
	booktitle = {NSIP},
	author = {Pennec, Xavier},
	pages = {194--198}
}

@article{Sturm2003ProbabilityCurvature,
	title = {{Probability measures on metric spaces of nonpositive curvature}},
	year = {2003},
	journal = {Contemporary mathematics},
	author = {Sturm, Karl-Theodor},
	pages = {357--390},
	volume = {338},
	publisher = {Providence, RI: American Mathematical Society}
}

@inproceedings{Sturm2003ProbabilityCurvatureb,
	title = {{Probability Measures on Metric Spaces of Nonpositive Curvature}},
	year = {2003},
	booktitle = {Heat Kernels and Analysis on Manifolds, Graphs, and Metric Spaces},
	author = {Sturm, K T}
}

@article{Kendall1990ProbabilityExistence,
	title = {{Probability, convexity, and harmonic maps with small image I: uniqueness and fine existence}},
	year = {1990},
	journal = {Proceedings of the London Mathematical Society},
	author = {Kendall, Wilfrid S},
	number = {2},
	pages = {371--406},
	volume = {3},
	publisher = {Oxford University Press}
}

@article{Goodall1999ProjectiveAnalysis,
	title = {{Projective shape analysis}},
	year = {1999},
	journal = {Journal of Computational and Graphical Statistics},
	author = {Goodall, Colin R and Mardia, Kanti V},
	number = {2},
	pages = {143--168},
	volume = {8},
	publisher = {Taylor {\&} Francis}
}

@inproceedings{Lin2006PursuingManifold,
	title = {{Pursuing informative projection on grassmann manifold}},
	year = {2006},
	booktitle = {Computer Vision and Pattern Recognition, 2006 IEEE Computer Society Conference on},
	author = {Lin, Dahua and Yan, Shuicheng and Tang, Xiaoou},
	pages = {1727--1734},
	volume = {2}
}

@phdthesis{Schwartzman2006RandomData,
	title = {{Random ellipsoids and false discovery rates: Statistics for diffusion{\\\}tensor imaging data}},
	year = {2006},
	author = {Schwartzman, Armin},
	school = {Stanford University}
}

@phdthesis{Schwartzman2006RandomDatab,
	title = {{Random ellipsoids and false discovery rates: Statistics for diffusion tensor imaging data}},
	year = {2006},
	author = {Schwartzman, Armin},
	school = {Stanford University}
}

@inproceedings{Wu2009Real-TimeManifold,
	title = {{Real-Time Visual Tracking via Incremental Covariance Model Update{\\\}on Log-Euclidean Riemannian Manifold}},
	year = {2009},
	booktitle = {CCPR},
	author = {Wu, Yi and Wang, Jinqiao and Lu, Hanqing}
}

@inproceedings{Bissacco2001RecognitionGaits,
	title = {{Recognition of human gaits}},
	year = {2001},
	booktitle = {CVPR},
	author = {Bissacco, Alessandro and Chiuso, Alessandro and Ma, Yi and Soatto, Stefano},
	pages = {II–52},
	volume = {2}
}

@inproceedings{Schuldt2004RecognizingApproach,
	title = {{Recognizing human actions: a local SVM approach}},
	year = {2004},
	booktitle = {Pattern Recognition, 2004. ICPR 2004. Proceedings of the 17th International Conference on},
	author = {Schuldt, Christian and Laptev, Ivan and Caputo, Barbara},
	pages = {32--36},
	volume = {3}
}

@incollection{Cheng2016RecursiveApplications,
	title = {{Recursive Computation of the Fr{\'{e}}chet Mean on Non-positively Curved Riemannian Manifolds with Applications}},
	year = {2016},
	booktitle = {Riemannian Computing in Computer Vision},
	author = {Cheng, Guang and Ho, Jeffrey and Salehian, Hesamoddin and Vemuri, Baba C},
	pages = {21--43},
	publisher = {Springer}
}

@inproceedings{Salehian2013RecursiveApplications,
	title = {{Recursive Estimation of the Stein Center of SPD Matrices and Its Applications}},
	year = {2013},
	booktitle = {ICCV},
	author = {Salehian, Hesamoddin and Cheng, Guang and Vemuri, Baba C and Ho, Jeffrey},
	pages = {1793--1800}
}

@inproceedings{Salehian2013RecursiveApplicationsb,
	title = {{Recursive Estimation of the Stein Center of SPD Matrices and Its Applications}},
	year = {2013},
	booktitle = {ICCV},
	author = {Salehian, Hesamoddin and Cheng, Guang and Vemuri, Baba C and Ho, Jeffrey},
	pages = {1793--1800}
}

@inproceedings{Chakraborty2015RecursiveVision,
	title = {{Recursive fr{\'{e}}chet mean computation on the grassmannian and its applications to computer vision}},
	year = {2015},
	booktitle = {Proceedings of the IEEE International Conference on Computer Vision},
	author = {Chakraborty, R. and Vemuri, B.C.},
	number = {},
	volume = {2015 Inter},
	isbn = {9781467383912},
	doi = {10.1109/ICCV.2015.481},
	issn = {15505499}
}

@inproceedings{Chakraborty2015RecursiveVisionb,
	title = {{Recursive Frechet Mean Computation on the Grassmannian and its Applications to Computer Vision}},
	year = {2015},
	booktitle = {The IEEE International Conference on Computer Vision (ICCV)},
	author = {Chakraborty, Rudrasis and Vemuri, Baba C},
	month = {12}
}

@inproceedings{Ho2013RecursiveNumbers,
	title = {{Recursive Karcher Expectation Estimators And Geometric Law of Large Numbers}},
	year = {2013},
	booktitle = {Proceedings of the Sixteenth International Conference on Artificial Intelligence and Statistics},
	author = {Ho, Jeffrey and Cheng, Guang and Salehian, Hesamoddin and Vemuri, Baba},
	pages = {325--332}
}

@inproceedings{Ho2013RecursiveNumbersb,
	title = {{Recursive Karcher Expectation Estimators And Geometric Law of Large Numbers}},
	year = {2013},
	booktitle = {AISTATS},
	author = {Ho, Jeffrey and Cheng, Guang and Salehian, Hesamoddin and Vemuri, Baba},
	pages = {325--332}
}

@article{Tuzel2006RegionClassification,
	title = {{Region covariance: A fast descriptor for detection and classification}},
	year = {2006},
	journal = {Computer Vision–ECCV 2006},
	author = {Tuzel, Oncel and Porikli, Fatih and Meer, Peter},
	pages = {589--600},
	publisher = {Springer}
}

@article{Durrleman2011RegistrationCurrents,
	title = {{Registration, atlas estimation and variability analysis of white matter fiber bundles modeled as currents}},
	year = {2011},
	journal = {NeuroImage},
	author = {Durrleman, Stanley and Fillard, Pierre and Pennec, Xavier and Trouv{\'{e}}, Alain and Ayache, Nicholas},
	number = {3},
	pages = {1073--1090},
	volume = {55},
	publisher = {Elsevier}
}

@article{Zeng2010RicciAnalysis,
	title = {{Ricci flow for 3D shape analysis}},
	year = {2010},
	journal = {IEEE Transactions on Pattern Analysis and Machine Intelligence},
	author = {Zeng, Wei and Samaras, Dimitris and Gu, David},
	number = {4},
	pages = {662--677},
	volume = {32},
	publisher = {IEEE}
}

@inproceedings{Srivastava2007RiemannianVision,
	title = {{Riemannian analysis of probability density functions with applications in vision}},
	year = {2007},
	booktitle = {CVPR},
	author = {Srivastava, Anuj and Jermyn, Ian and Joshi, Shantanu},
	pages = {1--8}
}

@article{Karcher1977RiemannianSmoothing,
	title = {{Riemannian center of mass and mollifier smoothing}},
	year = {1977},
	journal = {Communications on pure and applied mathematics},
	author = {Karcher, Hermann},
	number = {5},
	pages = {509--541},
	volume = {30}
}

@article{Grove1973RiemannianSmoothing,
	title = {{Riemannian center of mass and mollifier smoothing}},
	year = {1973},
	journal = {Math. Zeit},
	author = {Grove, K and Karcher, H},
	pages = {11--20},
	volume = {132}
}

@article{Karcher2014RiemannianMean,
	title = {{Riemannian Center of Mass and so called karcher mean}},
	year = {2014},
	journal = {arXiv preprint arXiv:1407.2087},
	author = {Karcher, Hermann}
}

@article{Said2015RiemannianMatrices,
	title = {{Riemannian Gaussian distributions on the space of symmetric positive definite matrices}},
	year = {2015},
	journal = {arXiv preprint arXiv:1507.01760},
	author = {Said, Salem and Bombrun, Lionel and Berthoumieu, Yannick and Manton, Jonathan}
}

@book{DoCarmo1992RiemannianGeometry,
	title = {{Riemannian geometry}},
	year = {1992},
	author = {Do Carmo, Manfredo P},
	publisher = {Springer}
}

@book{Sakai1996RiemannianGeometry,
	title = {{Riemannian geometry}},
	year = {1996},
	author = {Sakai, Takashi},
	volume = {149},
	publisher = {American Mathematical Soc.}
}

@article{Fletcher2007RiemannianData,
	title = {{Riemannian geometry for the statistical analysis of diffusion tensor{\\\}data}},
	year = {2007},
	journal = {Signal Processing},
	author = {Fletcher, P T and Joshi, S},
	number = {2},
	pages = {250--262},
	volume = {87}
}

@article{Fletcher2007RiemannianDatab,
	title = {{Riemannian geometry for the statistical analysis of diffusion tensor data}},
	year = {2007},
	journal = {Signal Processing},
	author = {Fletcher, P Thomas and Joshi, Sarang},
	number = {2},
	pages = {250--262},
	volume = {87}
}

@article{Fletcher2007RiemannianDatac,
	title = {{Riemannian geometry for the statistical analysis of diffusion tensor data}},
	year = {2007},
	journal = {Signal Processing},
	author = {Fletcher, P Thomas and Joshi, Sarang},
	number = {2},
	pages = {250--262},
	volume = {87},
	publisher = {Elsevier}
}

@article{Absil2004RiemannianComputation,
	title = {{Riemannian geometry of Grassmann manifolds with a view on algorithmic computation}},
	year = {2004},
	journal = {Acta Applicandae Mathematicae},
	author = {Absil, P-A and Mahony, Robert and Sepulchre, Rodolphe},
	number = {2},
	pages = {199--220},
	volume = {80},
	publisher = {Springer}
}

@book{Chavel2006RiemannianIntroduction,
	title = {{Riemannian geometry: a modern introduction}},
	year = {2006},
	author = {Chavel, Isaac},
	volume = {98},
	publisher = {Cambridge university press}
}

@article{Afsari2011RiemannianConvexity,
	title = {{Riemannian Lp center of mass: Existence, uniqueness, and convexity}},
	year = {2011},
	journal = {Proceedings of the American Mathematical Society},
	author = {Afsari, Bijan},
	number = {2},
	pages = {655--673},
	volume = {139}
}

@article{Afsari2011RiemannianConvexityb,
	title = {{Riemannian L{\^{}}{\{}p{\}} center of mass: Existence, uniqueness, and convexity}},
	year = {2011},
	journal = {Proceedings of the American Mathematical Society},
	author = {Afsari, Bijan},
	number = {2},
	pages = {655--673},
	volume = {139}
}

@article{Arnaudon2013RiemannianProcessing,
	title = {{Riemannian medians and means with applications to radar signal processing}},
	year = {2013},
	journal = {IEEE Journal of Selected Topics in Signal Processing},
	author = {Arnaudon, Marc and Barbaresco, Frédéric and Yang, Le},
	number = {4},
	pages = {595--604},
	volume = {7},
	publisher = {IEEE}
}

@inproceedings{Kim2017RiemannianNeuroimaging,
	title = {{Riemannian Nonlinear Mixed Effects Models: Analyzing Longitudinal Deformations in Neuroimaging}},
	year = {2017},
	booktitle = {Proceedings of IEEE Conference on Computer Vision and Pattern Recognition (CVPR)},
	author = {Kim, Hyunwoo J and Adluru, Nagesh and Suri, Heemanshu and Vemuri, Baba C and Johnson, Sterling C and Singh, Vikas}
}

@book{Horn1986RobotVision,
	title = {{Robot vision}},
	year = {1986},
	author = {Horn, Berthold},
	publisher = {MIT press}
}

@inproceedings{Jiang2015Robust1-norm,
	title = {{Robust dictionary learning with capped l 1-norm}},
	year = {2015},
	booktitle = {Proceedings of the 24th International Conference on Artificial Intelligence},
	author = {Jiang, Wenhao and Nie, Feiping and Huang, Heng},
	pages = {3590--3596}
}

@inproceedings{Jiang2015Robust1-normb,
	title = {{Robust dictionary learning with capped l 1-norm}},
	year = {2015},
	booktitle = {Proceedings of the 24th International Conference on Artificial Intelligence},
	author = {Jiang, Wenhao and Nie, Feiping and Huang, Heng},
	pages = {3590--3596}
}

@inproceedings{Pham2008RobustManifold,
	title = {{Robust learning of discriminative projection for multicategory classification on the stiefel manifold}},
	year = {2008},
	booktitle = {Computer Vision and Pattern Recognition, 2008. CVPR 2008. IEEE Conference on},
	author = {Pham, Duc-Son and Venkatesh, Svetha},
	pages = {1--7}
}

@article{Feng2012RobustApproach,
	title = {{Robust PCA in high-dimension: A deterministic approach}},
	year = {2012},
	journal = {arXiv preprint arXiv:1206.4628},
	author = {Feng, Jiashi and Xu, Huan and Yan, Shuicheng}
}

@article{Feng2012RobustApproachb,
	title = {{Robust PCA in high-dimension: A deterministic approach}},
	year = {2012},
	journal = {arXiv preprint arXiv:1206.4628},
	author = {Feng, Jiashi and Xu, Huan and Yan, Shuicheng}
}

@inproceedings{Ha2015RobustData,
	title = {{Robust pca with compressed data}},
	year = {2015},
	booktitle = {Advances in Neural Information Processing Systems},
	author = {Ha, Wooseok and Barber, Rina Foygel},
	pages = {1936--1944}
}

@inproceedings{Ha2015RobustDatab,
	title = {{Robust pca with compressed data}},
	year = {2015},
	booktitle = {Advances in Neural Information Processing Systems},
	author = {Ha, Wooseok and Barber, Rina Foygel},
	pages = {1936--1944}
}

@article{Candes2011RobustAnalysis,
	title = {{Robust principal component analysis}},
	year = {2011},
	journal = {Journal of the ACM (JACM)},
	author = {Cand{\`{e}}s, Emmanuel J and Li, Xiaodong and Ma, Yi and Wright, John},
	number = {3},
	pages = {11},
	volume = {58},
	publisher = {ACM}
}

@article{Candes2011RobustAnalysisb,
	title = {{Robust principal component analysis}},
	year = {2011},
	journal = {Journal of the ACM (JACM)},
	author = {Cand{\`{e}}s, Emmanuel J and Li, Xiaodong and Ma, Yi and Wright, John},
	number = {3},
	pages = {11},
	volume = {58},
	publisher = {ACM}
}

@book{Huber2011RobustStatistics,
	title = {{Robust statistics}},
	year = {2011},
	author = {Huber, Peter J},
	publisher = {Springer}
}

@book{Huber2011RobustStatisticsb,
	title = {{Robust statistics}},
	year = {2011},
	author = {Huber, Peter J},
	publisher = {Springer}
}

@article{Hartley2013RotationAveraging,
	title = {{Rotation averaging}},
	year = {2013},
	journal = {IJCV},
	author = {Hartley, Richard and Trumpf, Jochen and Dai, Yuchao and Li, Hongdong},
	number = {3},
	pages = {267--305},
	volume = {103}
}

@inproceedings{Muralidharan2012SasakiManifolds,
	title = {{Sasaki metrics for analysis of longitudinal data on manifolds}},
	year = {2012},
	booktitle = {Computer Vision and Pattern Recognition (CVPR), 2012 IEEE Conference on},
	author = {Muralidharan, Prasanna and Fletcher, P Thomas},
	pages = {1027--1034}
}

@article{Hauberg2015ScalableAverages,
	title = {{Scalable Robust Principal Component Analysis using Grassmann Averages}},
	year = {2015},
	journal = {TPAMI},
	author = {Hauberg, Søren and Feragen, Aasa and Enficiaud, Raffi and Black, Michael J}
}

@article{Hauberg2015ScalableAveragesb,
	title = {{Scalable Robust Principal Component Analysis using Grassmann Averages}},
	year = {2015},
	journal = {TPAMI},
	author = {Hauberg, Søren and Feragen, Aasa and Enficiaud, Raffi and Black, Michael J}
}

@article{Bogdanova2007ScaleImages,
	title = {{Scale space analysis and active contours for omnidirectional images}},
	year = {2007},
	journal = {IEEE Transactions on Image Processing},
	author = {Bogdanova, Iva and Bresson, Xavier and Thiran, Jean-Philippe and Vandergheynst, Pierre},
	number = {7},
	pages = {1888--1901},
	volume = {16},
	publisher = {IEEE}
}

@inproceedings{Lorenzi2011SchildsImages,
	title = {{Schild’s Ladder for the parallel transport of deformations in time series of images}},
	year = {2011},
	booktitle = {IPMI},
	author = {Lorenzi, Marco and Ayache, Nicholas and Pennec, Xavier},
	pages = {463--474}
}

@article{Wong1968SectionalManifolds,
	title = {{Sectional curvatures of Grassmann manifolds}},
	year = {1968},
	journal = {Proceedings of the National Academy of Sciences},
	author = {Wong, Yung-Chow},
	number = {1},
	pages = {75--79},
	volume = {60},
	publisher = {National Acad Sciences}
}

@article{Ziyan2006SegmentationClustering,
	title = {{Segmentation of thalamic nuclei from DTI using spectral clustering}},
	year = {2006},
	journal = {Medical Image Computing and Computer-Assisted Intervention (MICCAI)},
	author = {Ziyan, U and Tuch, D and Westin, C F},
	pages = {807--814}
}

@inproceedings{Goh2008SegmentingImages,
	title = {{Segmenting fiber bundles in diffusion tensor images}},
	year = {2008},
	booktitle = {European Conference on Computer Vision (ECCV)},
	author = {Goh, A and Vidal, R},
	pages = {238--250}
}

@inproceedings{Srinivasan2012SegmentingModels,
	title = {{Segmenting web-domains and hashtags using length specific models}},
	year = {2012},
	booktitle = {ACM International Conference Proceeding Series},
	author = {Srinivasan, S. and Bhattacharya, S. and Chakraborty, R.},
	number = {},
	volume = {},
	isbn = {9781450311564},
	doi = {10.1145/2396761.2398410},
	keywords = {compound splitting, hashtag segmentation, structured learning, web domain segmentation, word segmentation}
}

@article{Chakraborty2014SensorFramework,
	title = {{Sensor (group feature) selection with controlled redundancy in a connectionist framework}},
	year = {2014},
	journal = {International Journal of Neural Systems},
	author = {Chakraborty, R. and Lin, C.-T. and Pal, N.R.},
	number = {6},
	volume = {24},
	doi = {10.1142/S012906571450021X},
	issn = {01290657},
	keywords = {Sensor selection, feature selection, neural networks, redundancy control}
}

@inproceedings{Latecki2000ShapeContour,
	title = {{Shape descriptors for non-rigid shapes with a single closed contour}},
	year = {2000},
	booktitle = {CVPR},
	author = {Latecki, Longin Jan and Lakamper, Rolf and Eckhardt, T},
	pages = {424--429}
}

@article{Mardia1989ShapeData,
	title = {{Shape distributions for landmark data}},
	year = {1989},
	journal = {Advances in Applied Probability},
	author = {Mardia, K V and Dryden, I L},
	number = {4},
	pages = {742--755},
	volume = {21},
	publisher = {Cambridge University Press}
}

@article{Oja1982SimplifiedAnalyzer,
	title = {{Simplified neuron model as a principal component analyzer}},
	year = {1982},
	journal = {Journal of mathematical biology},
	author = {Oja, Erkki},
	number = {3},
	pages = {267--273},
	volume = {15},
	publisher = {Springer}
}

@article{Oja1982SimplifiedAnalyzerb,
	title = {{Simplified neuron model as a principal component analyzer}},
	year = {1982},
	journal = {Journal of mathematical biology},
	author = {Oja, Erkki},
	number = {3},
	pages = {267--273},
	volume = {15},
	publisher = {Springer}
}

@article{Golub1970SingularSolutions,
	title = {{Singular value decomposition and least squares solutions}},
	year = {1970},
	journal = {Numerische Mathematik},
	author = {Golub, Gene H and Reinsch, Christian},
	number = {5},
	pages = {403--420},
	volume = {14},
	publisher = {Springer}
}

@book{Ghosal2011SongFeatures,
	title = {{Song classification: Classical and non-classical discrimination using MFCC co-occurrence based features}},
	year = {2011},
	booktitle = {Communications in Computer and Information Science},
	author = {Ghosal, A. and Chakraborty, R. and Dhara, B.C. and Saha, S.K.},
	number = {},
	volume = {260 CCIS},
	isbn = {9783642271823},
	doi = {10.1007/978-3-642-27183-0{\_}19},
	issn = {18650929},
	keywords = {Audio Classification, MFCC, Music Retrieval, RANSAC, Song Classification}
}

@inproceedings{Ghosal2012Song/instrumentalFeatures,
	title = {{Song/instrumental classification using spectrogram based contextual features}},
	year = {2012},
	booktitle = {ACM International Conference Proceeding Series},
	author = {Ghosal, A. and Chakraborty, R. and Dhara, B.C. and Saha, S.K.},
	number = {},
	volume = {},
	isbn = {9781450311854},
	doi = {10.1145/2381716.2381722},
	keywords = {Instrumental/song classification, RANSAC, Spectrogram image}
}

@inproceedings{Harandi2012SparseApproach,
	title = {{Sparse Coding and Dictionary Learning for Symmetric Positive Definite Matrices: A Kernel Approach}},
	year = {2012},
	booktitle = {ECCV},
	author = {Harandi, M and Sanderson, C and Hartley, R and Lovell, B C}
}

@inproceedings{Banerjee2017SparseManifolds,
	title = {{Sparse Exact PGA on Riemannian Manifolds}},
	year = {2017},
	booktitle = {Proceedings of the IEEE International Conference on Computer Vision},
	author = {Banerjee, M. and Chakraborty, R. and Vemuri, B.C.},
	number = {},
	volume = {2017-Octob},
	isbn = {9781538610329},
	doi = {10.1109/ICCV.2017.536},
	issn = {15505499}
}

@incollection{Moakher2006SPDVisualization,
	title = {{SPD Matrices: From Geometry to Applications{\\\}and Visualization}},
	year = {2006},
	author = {Moakher, M and Batchelor, P G},
	pages = {285--298},
	publisher = {Visual. and Proc. of Tensor Fields}
}

@inproceedings{Ghosal2009Speech/musicSTE,
	title = {{Speech/music classification using occurrence pattern of ZCR and STE}},
	year = {2009},
	booktitle = {3rd International Symposium on Intelligent Information Technology Application, IITA 2009},
	author = {Ghosal, A. and Chakraborty, R. and Chakraborty, R. and Haty, S. and Dhara, B.C. and Saha, S.K.},
	number = {},
	volume = {3},
	isbn = {9780769538594},
	doi = {10.1109/IITA.2009.427},
	keywords = {Audio features, STE occurrence pattern, Speech/music classification, ZCR occurrence pattern}
}

@inproceedings{Heo2012SphericalHashing,
	title = {{Spherical Hashing}},
	year = {2012},
	booktitle = {IEEE International Conference on Computer Vision and Pattern Recognition (CVPR)},
	author = {Heo, Jae-Pil and Lee, YoungWoon and He, Junfeng and Chang, Shih-Fu and Yoon, Sung-eui}
}

@inproceedings{Chakraborty2018StatisticalNeuro-imaging,
	title = {{Statistical analysis of longitudinal data and applications to neuro-imaging}},
	year = {2018},
	booktitle = {Proceedings - International Conference on Image Processing, ICIP},
	author = {Chakraborty, R. and Vemuri, B.C.},
	number = {},
	volume = {2017-Septe},
	isbn = {9781509021758},
	doi = {10.1109/ICIP.2017.8296273},
	issn = {15224880},
	keywords = {Longitudinal studies, Manifolds, PGA, Trajectories}
}

@incollection{Xie2010StatisticalFields,
	title = {{Statistical analysis of tensor fields}},
	year = {2010},
	booktitle = {MICCAI},
	author = {Xie, Yuchen and Vemuri, Baba C and Ho, Jeffrey},
	pages = {682--689},
	publisher = {Springer}
}

@article{Su2014StatisticalSurveillance,
	title = {{Statistical analysis of trajectories on Riemannian manifolds: bird migration, hurricane tracking and video surveillance}},
	year = {2014},
	journal = {The Annals of Applied Statistics},
	author = {Su, Jingyong and Kurtek, Sebastian and Klassen, Eric and Srivastava, Anuj and {others}},
	number = {1},
	pages = {530--552},
	volume = {8},
	publisher = {Institute of Mathematical Statistics}
}

@inproceedings{Turaga2008StatisticalVision,
	title = {{Statistical analysis on Stiefel and Grassmann manifolds with applications in computer vision}},
	year = {2008},
	booktitle = {Computer Vision and Pattern Recognition, 2008. CVPR 2008. IEEE Conference on},
	author = {Turaga, Pavan and Veeraraghavan, Ashok and Chellappa, Rama},
	pages = {1--8}
}

@article{Turaga2011StatisticalRecognition,
	title = {{Statistical computations on grassmann and stiefel manifolds for image and video-based recognition}},
	year = {2011},
	journal = {IEEE TPAMI},
	author = {Turaga, Pavan and Veeraraghavan, Ashok and Srivastava, Anuj and Chellappa, Rama},
	number = {11},
	pages = {2273--2286},
	volume = {33}
}

@inproceedings{Downs1971StatisticalOrientations,
	title = {{Statistical methods for vectorcardiogram orientations}},
	year = {1971},
	booktitle = {Vectorcardiography 2: Proc. XIth International Symp. on Vectorcardiography},
	author = {Downs, T and Liebman, J and Mackay, W}
}

@article{Bhattacharya2008StatisticsCurvature,
	title = {{Statistics on Riemannian manifolds: asymptotic distribution and curvature}},
	year = {2008},
	journal = {Proceedings of the American Mathematical Society},
	author = {Bhattacharya, Abhishek and Bhattacharya, Rabi},
	number = {8},
	pages = {2959--2967},
	volume = {136}
}

@book{Chikuse2003StatisticsManifolds,
	title = {{Statistics on Special Manifolds}},
	year = {2003},
	author = {Chikuse, Yasuko},
	month = {2},
	publisher = {Springer},
	keywords = {manifold sphere}
}

@article{Chakraborty2017StatisticsApplications,
	title = {{Statistics on the (compact) Stiefel manifold: Theory and Applications}},
	year = {2017},
	journal = {arXiv preprint arXiv:1708.00045},
	author = {Chakraborty, Rudrasis and Vemuri, Baba}
}

@inproceedings{Chakraborty2017StatisticsAnalysis,
	title = {{Statistics on the space of trajectories for longitudinal data analysis}},
	year = {2017},
	booktitle = {Proceedings - International Symposium on Biomedical Imaging},
	author = {Chakraborty, R. and Banerjee, M. and Vemuri, B.C.},
	number = {},
	volume = {},
	isbn = {9781509011711},
	doi = {10.1109/ISBI.2017.7950684},
	issn = {19458452},
	keywords = {Longitudinal studies, Manifolds, Trajectories}
}

@article{Chakraborty2017StatisticsAnalysisb,
	title = {{Statistics on the space of trajectories for Longitudinal data analysis}},
	year = {2017},
	journal = {IEEE International Symposium on Biomedical Imaging (Accepted)},
	author = {Chakraborty, Rudrasis and Banerjee, Monami and Vemuri, Baba}
}

@misc{2014StefanSommer,
	title = {{Stefan Sommer}},
	year = {2014},
	howpublished = {https://github.com/nefan/smanifold}
}

@article{Bonnabel2013StochasticManifolds,
	title = {{Stochastic gradient descent on Riemannian manifolds}},
	year = {2013},
	journal = {Automatic Control, IEEE Transactions on},
	author = {Bonnabel, Silvere},
	number = {9},
	pages = {2217--2229},
	volume = {58},
	publisher = {IEEE}
}

@inproceedings{Wang2009TeichmullerMorphometry,
	title = {{Teichm{\"{u}}ller shape space theory and its application to brain morphometry}},
	year = {2009},
	booktitle = {International Conference on Medical Image Computing and Computer-Assisted Intervention},
	author = {Wang, Yalin and Dai, Wei and Gu, Xianfeng and Chan, Tony F and Yau, Shing-Tung and Toga, Arthur W and Thompson, Paul M},
	pages = {133--140}
}

@inproceedings{Wang2004TensorModel,
	title = {{Tensor field segmentation using region based active contour model}},
	year = {2004},
	booktitle = {European Conference on Computer Vision (ECCV)},
	author = {Wang, Z and Vemuri, B},
	pages = {304--315}
}

@book{Brodatz1966Textures:Designers,
	title = {{Textures: a photographic album for artists and designers}},
	year = {1966},
	author = {Brodatz, Phil},
	publisher = {Dover Pubns}
}

@article{Fletcher2009TheEstimation,
	title = {{The geometric median on Riemannian manifolds with application to robust atlas estimation}},
	year = {2009},
	journal = {NeuroImage},
	author = {Fletcher, P Thomas and Venkatasubramanian, Suresh and Joshi, Sarang},
	number = {1},
	pages = {S143–S152},
	volume = {45},
	publisher = {Elsevier}
}

@article{Fletcher2009TheEstimationb,
	title = {{The geometric median on Riemannian manifolds with application to robust atlas estimation}},
	year = {2009},
	journal = {NeuroImage},
	author = {Fletcher, P Thomas and Venkatasubramanian, Suresh and Joshi, Sarang},
	number = {1},
	pages = {S143–S152},
	volume = {45},
	publisher = {Elsevier}
}

@article{Edelman1998TheConstraints,
	title = {{The geometry of algorithms with orthogonality constraints}},
	year = {1998},
	journal = {SIMAX},
	author = {Edelman, Alan and Arias, Tomás A and Smith, Steven T},
	number = {2},
	pages = {303--353},
	volume = {20},
	publisher = {SIAM}
}

@inproceedings{Lenz2007TheChanges,
	title = {{The hyperbolic geometry of illumination-induced chromaticity changes}},
	year = {2007},
	booktitle = {Computer Vision and Pattern Recognition, 2007. CVPR'07. IEEE Conference on},
	author = {Lenz, Reiner and Carmona, Pedro Latorre and Meer, Peter},
	pages = {1--6}
}

@article{Nakagami1960TheFading,
	title = {{The m-distribution-A general formula of intensity distribution of rapid fading}},
	year = {1960},
	journal = {Statistical Method of Radio Propagation},
	author = {Nakagami, Minoru},
	publisher = {Pergamon Press}
}

@article{Nakagami1960TheFadingb,
	title = {{The m-distribution-A general formula of intensity distribution of rapid fading}},
	year = {1960},
	journal = {Statistical Method of Radio Propagation},
	author = {Nakagami, Minoru},
	publisher = {Pergamon Press}
}

@misc{Sloane2003TheSequences,
	title = {{The on-line encyclopedia of integer sequences}},
	year = {2003},
	author = {Sloane, Neil J A and {others}}
}

@book{Roman2005TheCalculus,
	title = {{The umbral calculus}},
	year = {2005},
	author = {Roman, Steven},
	publisher = {Springer}
}

@book{Roman2005TheCalculusb,
	title = {{The umbral calculus}},
	year = {2005},
	author = {Roman, Steven},
	publisher = {Springer}
}

@article{VanEssen2013TheOverview,
	title = {{The WU-Minn human connectome project: an overview}},
	year = {2013},
	journal = {Neuroimage},
	author = {Van Essen, David C and Smith, Stephen M and Barch, Deanna M and Behrens, Timothy E J and Yacoub, Essa and Ugurbil, Kamil and Consortium, Wu-Minn H C P and {others}},
	pages = {62--79},
	volume = {80},
	publisher = {Elsevier}
}

@book{Lehmann2006TheoryEstimation,
	title = {{Theory of point estimation}},
	year = {2006},
	author = {Lehmann, Erich L and Casella, George},
	publisher = {Springer Science {\&} Business Media}
}

@article{Vemuri2011TotalAnalysis,
	title = {{Total Bregman divergence and its applications to DTI analysis}},
	year = {2011},
	journal = {IEEE Transactions on Medical Imaging},
	author = {Vemuri, B C and Liu, M and Amari, S I and Nielsen, F},
	number = {2},
	pages = {475--483},
	volume = {30}
}

@article{Durrleman2013TowardData,
	title = {{Toward a comprehensive framework for the spatiotemporal statistical analysis of longitudinal shape data}},
	year = {2013},
	journal = {International journal of computer vision},
	author = {Durrleman, Stanley and Pennec, Xavier and Trouv{\'{e}}, Alain and Braga, José and Gerig, Guido and Ayache, Nicholas},
	number = {1},
	pages = {22--59},
	volume = {103},
	publisher = {Springer}
}

@inproceedings{Wang2013TrackingMRI,
	title = {{Tracking on the Product Manifold of Shape and Orientation for Tractography from Diffusion MRI}},
	year = {2013},
	booktitle = {Proceedings of the IEEE Conference on Computer Vision and Pattern Recognition},
	author = {Wang, Yuanxiang and Salehian, Hesamoddin and Cheng, Guang and Vemuri, Baba},
	pages = {3051--3056}
}

@article{Hopf1931UberFlache,
	title = {{{\"{U}}ber den Begriff der vollst{\"{a}}ndigen differentialgeometrischen Fl{\"{a}}che}},
	year = {1931},
	journal = {Commentarii Mathematici Helvetici},
	author = {Hopf, Heinz and Rinow, Willi},
	number = {1},
	pages = {209--225},
	volume = {3}
}

@article{Hauberg2013UnscentedManifolds,
	title = {{Unscented kalman filtering on riemannian manifolds}},
	year = {2013},
	journal = {Journal of mathematical imaging and vision},
	author = {Hauberg, Søren and Lauze, François and Pedersen, Kim Steenstrup},
	number = {1},
	pages = {103--120},
	volume = {46}
}

@article{Lim2014WeightedMeans,
	title = {{Weighted inductive means}},
	year = {2014},
	journal = {Linear Algebra and its Applications},
	author = {Lim, Yongdo and P{\'{a}}lfia, Miklós},
	pages = {59--83},
	volume = {453},
	publisher = {Elsevier}
}

@article{Lim2014WeightedMeansb,
	title = {{Weighted inductive means}},
	year = {2014},
	journal = {LAA},
	author = {Lim, Yongdo and P{\'{a}}lfia, Miklós},
	pages = {59--83},
	volume = {453}
}

@inproceedings{Wu2007WeightedClassification,
	title = {{Weighted principal geodesic analysis for facial gender classification}},
	year = {2007},
	booktitle = {IAPR},
	author = {Wu, Jing and Smith, William A P and Hancock, Edwin R},
	pages = {331--339},
	publisher = {Springer}
}

@article{Leichtweiss1961ZurMannigfaltigkeiten,
	title = {{Zur riemannschen Geometrie in grassmannschen Mannigfaltigkeiten}},
	year = {1961},
	journal = {Mathematische Zeitschrift},
	author = {Leichtweiss, Kurt},
	number = {1},
	pages = {334--366},
	volume = {76}
}



%%%% prelim before

@inproceedings{cohen2016convolutional,
	title={Convolutional rectifier networks as generalized tensor decompositions},
	author={Cohen, Nadav and Shashua, Amnon},
	booktitle={International Conference on Machine Learning},
	pages={955--963},
	year={2016}
}

@article{lubich2015time,
	title={Time integration of tensor trains},
	author={Lubich, Christian and Oseledets, Ivan V and Vandereycken, Bart},
	journal={SIAM Journal on Numerical Analysis},
	volume={53},
	number={2},
	pages={917--941},
	year={2015},
	publisher={SIAM}
}

@inproceedings{
	khrulkov2018generalized,
	title={Generalized Tensor Models for Recurrent Neural Networks},
	author={Valentin Khrulkov and Oleksii Hrinchuk and Ivan Oseledets},
	booktitle={International Conference on Learning Representations},
	year={2019},
	url={https://openreview.net/forum?id=r1gNni0qtm},
}

@ARTICLE{6340355,
	author={T. Kaneko and S. Fiori and T. Tanaka},
	journal={IEEE Transactions on Signal Processing},
	title={Empirical Arithmetic Averaging Over the Compact Stiefel Manifold},
	year={2013},
	volume={61},
	number={4},
	pages={883-894},
	ISSN={1053-587X}}

@InProceedings{pmlr-v70-yang17e,
	title = 	 {Tensor-Train Recurrent Neural Networks for Video Classification},
	author = 	 {Yinchong Yang and Denis Krompass and Volker Tresp},
	booktitle = 	 {Internation Conference on Machine Learning},
	year = 	 {2017}
}

@article{klus2018tensor,
	title={Tensor-based dynamic mode decomposition},
	author={Klus, Stefan and Gel{\ss}, Patrick and Peitz, Sebastian and Sch{\"u}tte, Christof},
	journal={Nonlinearity},
	volume={31},
	number={7},
	pages={3359},
	year={2018},
	publisher={IOP Publishing}
}

@inproceedings{yu2017compressing,
	title={On compressing deep models by low rank and sparse decomposition},
	author={Yu, Xiyu and Liu, Tongliang and Wang, Xinchao and Tao, Dacheng},
	booktitle={CVPR},
	pages={7370--7379},
	year={2017}
}

@article{zhang2017tucker,
	title={A tucker deep computation model for mobile multimedia feature learning},
	author={Zhang, Qingchen and Yang, Laurence T and Liu, Xingang and Chen, Zhikui and Li, Peng},
	journal={ACM Transactions on Multimedia Computing, Communications, and Applications (TOMM)},
	volume={13},
	number={3s},
	pages={39},
	year={2017},
	publisher={ACM}
}

@inproceedings{cohen2016expressive,
	title={On the expressive power of deep learning: A tensor analysis},
	author={Cohen, Nadav and Sharir, Or and Shashua, Amnon},
	booktitle={Conference on Learning Theory},
	pages={698--728},
	year={2016}
}


@inproceedings{bingham2001random,
	title={Random projection in dimensionality reduction: applications to image and text data},
	author={Bingham, Ella and Mannila, Heikki},
	booktitle={SIGKDD ICKDDM},
	year={2001}
}

@inproceedings{ye2005two,
	title={Two-dimensional linear discriminant analysis},
	author={Ye, Jieping and Janardan, Ravi and Li, Qi},
	booktitle={NeurIPS},
	pages={1569--1576},
	year={2005}
}

@article{yu2015multi,
	title={Multi-scale context aggregation by dilated convolutions},
	author={Yu, Fisher and Koltun, Vladlen},
	journal={arXiv preprint arXiv:1511.07122},
	year={2015}
}

@inproceedings{donahue2015long,
	title={Long-term recurrent convolutional networks for visual recognition and description},
	author={Donahue, Jeffrey and Anne Hendricks, Lisa and Guadarrama, Sergio and Rohrbach, Marcus and Venugopalan, Subhashini and Saenko, Kate and Darrell, Trevor},
	booktitle={CVPR},
	pages={2625--2634},
	year={2015}
}

@inproceedings{srivastava2015unsupervised,
	title={Unsupervised learning of video representations using lstms},
	author={Srivastava, Nitish and Mansimov, Elman and Salakhudinov, Ruslan},
	booktitle={ICML},
	pages={843--852},
	year={2015}
}

@article{ashburner2014spm12,
	title={SPM12 manual},
	author={Ashburner, John and Barnes, Gareth and Chen, C and Daunizeau, Jean and Flandin, Guillaume and Friston, Karl and Kiebel, Stefan and Kilner, James and Litvak, Vladimir and Moran, Rosalyn and others},
	journal={Wellcome Trust Centre for Neuroimaging, London, UK},
	year={2014}
}

@inproceedings{gal2016dropout,
	title={Dropout as a Bayesian approximation: Representing model uncertainty in deep learning},
	author={Gal, Yarin and Ghahramani, Zoubin},
	booktitle={ICML},
	pages={1050--1059},
	year={2016}
}

@book{schmidt1996rey,
	title={Rey auditory verbal learning test: A handbook},
	author={Schmidt, Michael and others},
	year={1996},
	publisher={Western Psychological Services Los Angeles, CA}
}

@online{xiao2017/online,
  author       = {Han Xiao and Kashif Rasul and Roland Vollgraf},
  title        = {Fashion-MNIST: a Novel Image Dataset for Benchmarking Machine Learning Algorithms},
  date         = {2017-08-28},
  year         = {2017},
  eprintclass  = {cs.LG},
  eprinttype   = {arXiv},
  eprint       = {cs.LG/1708.07747},
}
@article{skinner2012alzheimer,
  title={The Alzheimer’s disease assessment scale-cognitive-plus (ADAS-Cog-Plus): an expansion of the ADAS-Cog to improve responsiveness in MCI},
  author={Skinner, Jeannine and Carvalho, Janessa O and Potter, Guy G and Thames, April and Zelinski, Elizabeth and Crane, Paul K and Gibbons, Laura E and ADNI and others},
  journal={Brain imaging and behavior},
  volume={6},
  number={4},
  pages={489--501},
  year={2012},
}

@article{holtz2012manifolds,
  title={On manifolds of tensors of fixed TT-rank},
  author={Holtz, Sebastian and Rohwedder, Thorsten and Schneider, Reinhold},
  journal={Numerische Mathematik},
  volume={120},
  number={4},
  year={2012},
}



@article{harshman1970foundations,
  title={Foundations of the PARAFAC procedure: Models and conditions for an" explanatory" multimodal factor analysis},
  author={Harshman, Richard A},
  year={1970},
  publisher={University of California at Los Angeles Los Angeles, CA}
}

@article{carroll1970analysis,
  title={Analysis of individual differences in multidimensional scaling via an N-way generalization of “Eckart-Young” decomposition},
  author={Carroll, J Douglas and Chang, Jih-Jie},
  journal={Psychometrika},
  volume={35},
  number={3},
  year={1970},
}

@article{oseledets2011tensor,
  title={Tensor-train decomposition},
  author={Oseledets, Ivan V},
  journal={SIAM Journal on Scientific Computing},
  volume={33},
  number={5},
  pages={2295--2317},
  year={2011},
  publisher={SIAM}
}
@inproceedings{novikov2015tensorizing,
  title={Tensorizing neural networks},
  author={Novikov, Alexander and Podoprikhin, Dmitrii and Osokin, Anton and Vetrov, Dmitry P},
  booktitle={NeurIPS},
  pages={442--450},
  year={2015}
}

@article{kolda2001orthogonal,
  title={Orthogonal tensor decompositions},
  author={Kolda, Tamara G},
  journal={SIAM Journal on Matrix Analysis and Applications},
  volume={23},
  number={1},
  pages={243--255},
  year={2001},
  publisher={SIAM}
}

@article{white2004short,
  title={Short-term memory in orthogonal neural networks},
  author={White, Olivia L and Lee, Daniel D and Sompolinsky, Haim},
  journal={Physical review letters},
  volume={92},
  number={14},
  pages={148102},
  year={2004},
  publisher={APS}
}

@article{yang1996orthogonal,
  title={An orthogonal neural network for function approximation},
  author={Yang, Shiow-Shung and Tseng, Ching-Shiow},
  journal={IEEE Transactions on Systems, Man, and Cybernetics, Part B (Cybernetics)},
  volume={26},
  number={5},
  pages={779--785},
  year={1996},
  publisher={IEEE}
}

@article{huang2017orthogonal,
  title={Orthogonal weight normalization: Solution to optimization over multiple dependent stiefel manifolds in deep neural networks},
  author={Huang, Lei and Liu, Xianglong and Lang, Bo and Yu, Adams Wei and Wang, Yongliang and Li, Bo},
  journal={arXiv preprint arXiv:1709.06079},
  year={2017}
}

@article{chakraborty2017statistics,
  title={Statistics on the (compact) Stiefel manifold: Theory and Applications},
  author={Chakraborty, Rudrasis and Vemuri, Baba},
  journal={arXiv preprint arXiv:1708.00045},
  year={2017}
}

@article{novikov2016exponential,
  title={Exponential machines},
  author={Novikov, Alexander and Trofimov, Mikhail and Oseledets, Ivan},
  journal={ICLR Workshop Track},
  year={2017}
}

@inproceedings{
khrulkov2018expressive,
title={Expressive power of recurrent neural networks},
author={Valentin Khrulkov and Alexander Novikov and Ivan Oseledets},
journal={ICLR},
year={2018},
url={https://openreview.net/forum?id=S1WRibb0Z},
}

@article{helfrich2017orthogonal,
  title={Orthogonal Recurrent Neural Networks with Scaled Cayley Transform},
  author={Helfrich, Kyle and Willmott, Devin and Ye, Qiang},
  journal={arXiv preprint arXiv:1707.09520},
  year={2017}
}

@inproceedings{arjovsky2016unitary,
  title={Unitary evolution recurrent neural networks},
  author={Arjovsky, Martin and Shah, Amar and Bengio, Yoshua},
  booktitle={ICML},
  pages={1120--1128},
  year={2016}
}

@inproceedings{wisdom2016full,
  title={Full-capacity unitary recurrent neural networks},
  author={Wisdom, Scott and Powers, Thomas and Hershey, John and Le Roux, Jonathan and Atlas, Les},
  booktitle={NIPS},
  pages={4880--4888},
  year={2016}
}

@inproceedings{jing2017tunable,
  title={Tunable Efficient Unitary Neural Networks (EUNN) and their application to RNNs},
  author={Jing, Li and Shen, Yichen and Dubcek, Tena and Peurifoy, John and Skirlo, Scott and LeCun, Yann and Tegmark, Max and Solja{\v{c}}i{\'c}, Marin},
  booktitle={ICML},
  pages={1733--1741},
  year={2017}
}

@inproceedings{mhammedi2017efficient,
  title={Efficient Orthogonal Parametrisation of Recurrent Neural Networks Using Householder Reflections},
  author={Mhammedi, Zakaria and Hellicar, Andrew and Rahman, Ashfaqur and Bailey, James},
  booktitle={ICML},
  pages={2401--2409},
  year={2017}
}
