@article{wright1999numerical,
	title={Numerical optimization},
	author={Wright, Stephen and Nocedal, Jorge and others},
	journal={Springer Science},
	volume={35},
	number={67-68},
	pages={7},
	year={1999}
}


@InProceedings{yoso-zhanpeng,
	title = 	 {You Only Sample (Almost) Once: Linear Cost Self-Attention Via Bernoulli Sampling},
	author =       {Zeng, Zhanpeng and Xiong, Yunyang and Ravi, Sathya and Acharya, Shailesh and Fung, Glenn M and Singh, Vikas},
	booktitle = 	 {Proceedings of the 38th International Conference on Machine Learning},
	pages = 	 {12321--12332},
	year = 	 {2021},
	editor = 	 {Meila, Marina and Zhang, Tong},
	volume = 	 {139},
	series = 	 {Proceedings of Machine Learning Research},
	month = 	 {18--24 Jul},
	publisher =    {PMLR},
	pdf = 	 {http://proceedings.mlr.press/v139/zeng21a/zeng21a.pdf},
	url = 	 {https://proceedings.mlr.press/v139/zeng21a.html}
}


@misc{ftc2, 
	title={The FTC's new enforcement weapon spells death for algorithms},
	url={https://www.protocol.com/policy/ftc-algorithm-destroy-data-privacy}, 
	journal={Protocol}, 
	publisher={Protocol}, 
	author={Kaye, Kate}, 
	year={2022},
	month={Mar}
} 

@inproceedings{
	basu2021influence,
	title={Influence Functions in Deep Learning Are Fragile},
	author={Samyadeep Basu and Phil Pope and Soheil Feizi},
	booktitle={International Conference on Learning Representations},
	year={2021},
	url={https://openreview.net/forum?id=xHKVVHGDOEk}
}

@article{Traonmilin_2020,
	doi = {10.1088/1361-6420/ab5aa3},
	url = {https://doi.org/10.1088/1361-6420/ab5aa3},
	year = 2020,
	month = {feb},
	publisher = {{IOP} Publishing},
	volume = {36},
	number = {4},
	pages = {045003},
	author = {Yann Traonmilin and Jean-Fran{\c{c}}ois Aujol},
	title = {The basins of attraction of the global minimizers of the non-convex sparse spike estimation problem},
	journal = {Inverse Problems}
}

@article{dawid1979conditional,
	title={Conditional independence in statistical theory},
	author={Dawid, A Philip},
	journal={Journal of the Royal Statistical Society: Series B (Methodological)},
	volume={41},
	number={1},
	pages={1--15},
	year={1979},
	publisher={Wiley Online Library}
}

@article{loizou2020convergence,
	title={Convergence analysis of inexact randomized iterative methods},
	author={Loizou, Nicolas and Richt{\'a}rik, Peter},
	journal={SIAM Journal on Scientific Computing},
	volume={42},
	number={6},
	pages={A3979--A4016},
	year={2020},
	publisher={SIAM}
}

@misc{loizou2019convergenceArxiv,
	title={Convergence Analysis of Inexact Randomized Iterative Methods}, 
	author={Nicolas Loizou and Peter Richt√°rik},
	year={2019},
	eprint={1903.07971},
	archivePrefix={arXiv},
	primaryClass={math.OC}
}


@inproceedings{huang2008labeled,
	title={Labeled faces in the wild: A database forstudying face recognition in unconstrained environments},
	author={Huang, Gary B and Mattar, Marwan and Berg, Tamara and Learned-Miller, Eric},
	booktitle={Workshop on faces in'Real-Life'Images: detection, alignment, and recognition},
	year={2008}
}
@InProceedings{Parkhi15,
	author       = "Omkar M. Parkhi and Andrea Vedaldi and Andrew Zisserman",
	title        = "Deep Face Recognition",
	booktitle    = "British Machine Vision Conference",
	year         = "2015",
}

@inproceedings{neel2021descent,
	title={Descent-to-delete: Gradient-based methods for machine unlearning},
	author={Neel, Seth and Roth, Aaron and Sharifi-Malvajerdi, Saeed},
	booktitle={Algorithmic Learning Theory},
	pages={931--962},
	year={2021},
	organization={PMLR}
}


@InProceedings{Sun_2019_ICCV,
	author = {Sun, Yiyou and Ravi, Sathya N. and Singh, Vikas},
	title = {Adaptive Activation Thresholding: Dynamic Routing Type Behavior for Interpretability in Convolutional Neural Networks},
	booktitle = {Proceedings of the IEEE/CVF International Conference on Computer Vision (ICCV)},
	month = {October},
	year = {2019}
}

@InProceedings{Golatkar_2021_CVPR,
	author    = {Golatkar, Aditya and Achille, Alessandro and Ravichandran, Avinash and Polito, Marzia and Soatto, Stefano},
	title     = {Mixed-Privacy Forgetting in Deep Networks},
	booktitle = {Proceedings of the IEEE/CVF Conference on Computer Vision and Pattern Recognition (CVPR)},
	month     = {June},
	year      = {2021},
	pages     = {792-801}
}


@inproceedings{bourtoule2021machine,
	title={Machine unlearning},
	author={Bourtoule, Lucas and Chandrasekaran, Varun and Choquette-Choo, Christopher A and Jia, Hengrui and Travers, Adelin and Zhang, Baiwu and Lie, David and Papernot, Nicolas},
	booktitle={2021 IEEE Symposium on Security and Privacy (SP)},
	pages={141--159},
	year={2021},
	organization={IEEE}
}


@misc{Exposing,
	author = {Harvey, Adam. LaPlace, Jules.},
	title = {Exposing.ai},
	year = 2021,
	url = {https://exposing.ai},
	urldate = {2021-01-01}
}

@misc{ftc,
	title={California Company Settles FTC Allegations It Deceived Consumers about use of Facial Recognition in Photo Storage App},
	url={https://www.ftc.gov/news-events/press-releases/2021/01/california-company-settles-ftc-allegations-it-deceived-consumers},
	journal={Federal Trade Commission},
	year={2021},
	month={Jan},
	author={FTC}
} 

@misc{ptheory,
	title={Probability Theory},
	url={http://www.gatsby.ucl.ac.uk/~porbanz/teaching/G6106S16/NotesG6106S16_9May16.pdf},
	journal={Probability Theory II},
	year={2016},
	month={Spring},
	author={Peter Orbanz}
}
@inproceedings{carlini2021extracting,
	title={Extracting Training Data from Large Language Models.},
	author={Carlini, Nicholas and Tramer, Florian and Wallace, Eric and Jagielski, Matthew and Herbert-Voss, Ariel and Lee, Katherine and Roberts, Adam and Brown, Tom B and Song, Dawn and Erlingsson, Ulfar and others},
	booktitle={USENIX Security Symposium},
	volume={6},
	year={2021}
}


@article{carlini2020attack,
	title={An Attack on InstaHide: Is Private Learning Possible with Instance Encoding?},
	author={Carlini, Nicholas and Deng, Samuel and Garg, Sanjam and Jha, Somesh and Mahloujifar, Saeed and Mahmoody, Mohammad and Song, Shuang and Thakurta, Abhradeep and Tramer, Florian},
	journal={arXiv preprint arXiv:2011.05315},
	year={2020}
}

@article{diakonikolas2019approximate,
	title={The approximate duality gap technique: A unified theory of first-order methods},
	author={Diakonikolas, Jelena and Orecchia, Lorenzo},
	journal={SIAM Journal on Optimization},
	volume={29},
	number={1},
	pages={660--689},
	year={2019},
	publisher={SIAM}
}
@inproceedings{carlini2019secret,
	title={The secret sharer: Evaluating and testing unintended memorization in neural networks},
	author={Carlini, Nicholas and Liu, Chang and Erlingsson, {\'U}lfar and Kos, Jernej and Song, Dawn},
	booktitle={28th $\{$USENIX$\}$ Security Symposium ($\{$USENIX$\}$ Security 19)},
	pages={267--284},
	year={2019}
}


@inproceedings{bau2017network,
	title={Network dissection: Quantifying interpretability of deep visual representations},
	author={Bau, David and Zhou, Bolei and Khosla, Aditya and Oliva, Aude and Torralba, Antonio},
	booktitle={Proceedings of the IEEE conference on computer vision and pattern recognition},
	pages={6541--6549},
	year={2017}
}

@inproceedings{fong2018net2vec,
	title={Net2vec: Quantifying and explaining how concepts are encoded by filters in deep neural networks},
	author={Fong, Ruth and Vedaldi, Andrea},
	booktitle={Proceedings of the IEEE conference on computer vision and pattern recognition},
	pages={8730--8738},
	year={2018}
}


@article{ginart2019making,
	title={Making AI Forget You: Data Deletion in Machine Learning},
	author={Ginart, A and Guan, M and Valiant, G and Zou, J},
	journal={Advances in neural information processing systems},
	year={2019}
}


@inproceedings{schelter2019amnesia,
	title={amnesia--towards machine learning models that can forget user data very fast},
	author={Schelter, Sebastian},
	booktitle={1st International Workshop on Applied AI for Database Systems and Applications (AIDB19)},
	year={2019}
}


@inproceedings{cao2015towards,
	title={Towards making systems forget with machine unlearning},
	author={Cao, Yinzhi and Yang, Junfeng},
	booktitle={2015 IEEE Symposium on Security and Privacy},
	pages={463--480},
	year={2015},
	organization={IEEE}
}


@inproceedings{romero2007incremental,
	title={Incremental and decremental learning for linear support vector machines},
	author={Romero, Enrique and Barrio, Ignacio and Belanche, Llu{\'\i}s},
	booktitle={International Conference on Artificial Neural Networks},
	pages={209--218},
	year={2007},
	organization={Springer}
}

@article{karasuyama2009multiple,
	title={Multiple incremental decremental learning of support vector machines},
	author={Karasuyama, Masayuki and Takeuchi, Ichiro},
	journal={Advances in neural information processing systems},
	volume={22},
	pages={907--915},
	year={2009},
	publisher={Citeseer}
}



@inproceedings{hariharan2015hypercolumns,
	title={Hypercolumns for object segmentation and fine-grained localization},
	author={Hariharan, Bharath and Arbel{\'a}ez, Pablo and Girshick, Ross and Malik, Jitendra},
	booktitle={Proceedings of the IEEE conference on computer vision and pattern recognition},
	pages={447--456},
	year={2015}
}


@inproceedings{yao2020pyhessian,
	title={Pyhessian: Neural networks through the lens of the hessian},
	author={Yao, Zhewei and Gholami, Amir and Keutzer, Kurt and Mahoney, Michael W},
	booktitle={2020 IEEE International Conference on Big Data (Big Data)},
	pages={581--590},
	year={2020},
	organization={IEEE}
}

@inproceedings{simsekli2020fractional,
	title={Fractional underdamped langevin dynamics: Retargeting sgd with momentum under heavy-tailed gradient noise},
	author={Simsekli, Umut and Zhu, Lingjiong and Teh, Yee Whye and Gurbuzbalaban, Mert},
	booktitle={International Conference on Machine Learning},
	pages={8970--8980},
	year={2020},
	organization={PMLR}
}
@book{spirtes2000causation,
	title={Causation, prediction, and search},
	author={Spirtes, Peter and Glymour, Clark N and Scheines, Richard and Heckerman, David},
	year={2000},
	publisher={MIT press}
}

@inproceedings{koh2017understanding,
	title={Understanding black-box predictions via influence functions},
	author={Koh, Pang Wei and Liang, Percy},
	booktitle={International Conference on Machine Learning},
	pages={1885--1894},
	year={2017},
	organization={PMLR}
}
@inproceedings{fazlyab2019efficient,
	title     = {Efficient and Accurate Estimation of Lipschitz Constants for Deep Neural Networks},
	author    = {Fazlyab, Mahyar and Robey, Alexander and Hassani, Hamed and Morari, Manfred and Pappas, George J},
	booktitle = {Advances in Neural Information Processing Systems (NeurIPS)},
	year      = {2019}
}
@inproceedings{gorbunov2020unified,
	title={A unified theory of SGD: Variance reduction, sampling, quantization and coordinate descent},
	author={Gorbunov, Eduard and Hanzely, Filip and Richt{\'a}rik, Peter},
	booktitle={International Conference on Artificial Intelligence and Statistics},
	pages={680--690},
	year={2020},
	organization={PMLR}
}
@inproceedings{gower2019sgd,
	title={SGD: General analysis and improved rates},
	author={Gower, Robert Mansel and Loizou, Nicolas and Qian, Xun and Sailanbayev, Alibek and Shulgin, Egor and Richt{\'a}rik, Peter},
	booktitle={International Conference on Machine Learning},
	pages={5200--5209},
	year={2019},
	organization={PMLR}
}
@inproceedings{golatkar2020forgetting,
	title={Forgetting outside the box: Scrubbing deep networks of information accessible from input-output observations},
	author={Golatkar, Aditya and Achille, Alessandro and Soatto, Stefano},
	booktitle={European Conference on Computer Vision},
	pages={383--398},
	year={2020},
	organization={Springer}
}

@article{codec,
	title={A simple measure of conditional dependence},
	author={Azadkia, Mona and Chatterjee, Sourav},
	journal={arXiv preprint arXiv:1910.12327},
	year={2019}
}


@article{chatterjee2020new,
	author = {Sourav Chatterjee},
	title = {A New Coefficient of Correlation},
	journal = {Journal of the American Statistical Association},
	volume = {0},
	number = {0},
	pages = {1-21},
	year  = {2020},
	publisher = {Taylor & Francis},
	doi = {10.1080/01621459.2020.1758115},
	
	URL = { 
	https://doi.org/10.1080/01621459.2020.1758115
	
	},
	eprint = { 
	https://doi.org/10.1080/01621459.2020.1758115
	
	}
	
}


@inproceedings{bullseye,
	title={Model-Augmented Conditional Mutual Information Estimation for Feature Selection},
	author={Yang, Alan and Ghassami, AmirEmad and Raginsky, Maxim and Kiyavash, Negar and Rosenbaum, Elyse},
	booktitle={Conference on Uncertainty in Artificial Intelligence},
	pages={1139--1148},
	year={2020},
	organization={PMLR}
}

@inproceedings{izzo2020approximate,
	title={Approximate data deletion from machine learning models},
	author={Izzo, Zachary and Smart, Mary Anne and Chaudhuri, Kamalika and Zou, James},
	booktitle={International Conference on Artificial Intelligence and Statistics},
	pages={2008--2016},
	year={2021},
	organization={PMLR}
}

@article{harutyunyan2021estimating,
	title={Estimating informativeness of samples with Smooth Unique Information},
	author={Harutyunyan, Hrayr and Achille, Alessandro and Paolini, Giovanni and Majumder, Orchid and Ravichandran, Avinash and Bhotika, Rahul and Soatto, Stefano},
	journal={arXiv preprint arXiv:2101.06640},
	year={2021}
}

@inproceedings{guo2019certified,
	title={Certified Data Removal from Machine Learning Models},
	author={Guo, Chuan and Goldstein, Tom and Hannun, Awni and Van Der Maaten, Laurens},
	booktitle={International Conference on Machine Learning},
	pages={3832--3842},
	year={2020},
	organization={PMLR}
}

@misc{sekhari2021remember,
	title={Remember What You Want to Forget: Algorithms for Machine Unlearning}, 
	author={Ayush Sekhari and Jayadev Acharya and Gautam Kamath and Ananda Theertha Suresh},
	year={2021},
	eprint={2103.03279},
	archivePrefix={arXiv},
	primaryClass={cs.LG}
}

@inproceedings{golatkar2020eternal,
	title={Eternal sunshine of the spotless net: Selective forgetting in deep networks},
	author={Golatkar, Aditya and Achille, Alessandro and Soatto, Stefano},
	booktitle={Proceedings of the IEEE/CVF Conference on Computer Vision and Pattern Recognition},
	pages={9304--9312},
	year={2020}
}

@inproceedings{runge2018conditional,
	title={Conditional independence testing based on a nearest-neighbor estimator of conditional mutual information},
	author={Runge, Jakob},
	booktitle={International Conference on Artificial Intelligence and Statistics},
	pages={938--947},
	year={2018},
	organization={PMLR}
}


@inproceedings{tuggener2020ledgar,
	title={LEDGAR: a large-scale multi-label corpus for text classification of legal provisions in contracts},
	author={Tuggener, Don and von D{\"a}niken, Pius and Peetz, Thomas and Cieliebak, Mark},
	booktitle={12th Language Resources and Evaluation Conference (LREC) 2020},
	pages={1228--1234},
	year={2020},
	organization={European Language Resources Association}
}

@article{sanh2019distilbert,
	title={DistilBERT, a distilled version of BERT: smaller, faster, cheaper and lighter},
	author={Sanh, Victor and Debut, Lysandre and Chaumond, Julien and Wolf, Thomas},
	journal={arXiv preprint arXiv:1910.01108},
	year={2019}
}

@inproceedings{zheng2015scalable,
	title={Scalable person re-identification: A benchmark},
	author={Zheng, Liang and Shen, Liyue and Tian, Lu and Wang, Shengjin and Wang, Jingdong and Tian, Qi},
	booktitle={Proceedings of the IEEE international conference on computer vision},
	pages={1116--1124},
	year={2015}
}

@inproceedings{wei2018person,
	title={Person transfer gan to bridge domain gap for person re-identification},
	author={Wei, Longhui and Zhang, Shiliang and Gao, Wen and Tian, Qi},
	booktitle={Proceedings of the IEEE conference on computer vision and pattern recognition},
	pages={79--88},
	year={2018}
}

@INPROCEEDINGS{hirzer11,
	author = {Martin Hirzer and Csaba Beleznai and Peter M. Roth and Horst Bischof},
	title = {{Person Re-Identification by Descriptive and Discriminative Classification}},
	booktitle = {{Proc. Scandinavian Conference on Image Analysis (SCIA)}},
	year = {2011}
}

@inproceedings{loy2009multi,
	title={Multi-camera activity correlation analysis},
	author={Loy, Chen Change and Xiang, Tao and Gong, Shaogang},
	booktitle={2009 IEEE Conference on Computer Vision and Pattern Recognition},
	pages={1988--1995},
	year={2009},
	organization={IEEE}
}

@inproceedings{zhou2019omni,
	title={Omni-scale feature learning for person re-identification},
	author={Zhou, Kaiyang and Yang, Yongxin and Cavallaro, Andrea and Xiang, Tao},
	booktitle={Proceedings of the IEEE/CVF International Conference on Computer Vision},
	pages={3702--3712},
	year={2019}
}

@inproceedings{martens2015optimizing,
	title={Optimizing neural networks with kronecker-factored approximate curvature},
	author={Martens, James and Grosse, Roger},
	booktitle={International conference on machine learning},
	pages={2408--2417},
	year={2015},
	organization={PMLR}
}


%%%%%% prelim below here

@article{wright1999numerical,
  title={Numerical optimization},
  author={Wright, Stephen and Nocedal, Jorge and others},
  journal={Springer Science},
  volume={35},
  number={67-68},
  pages={7},
  year={1999}
}


@InProceedings{yoso-zhanpeng,
  title = 	 {You Only Sample (Almost) Once: Linear Cost Self-Attention Via Bernoulli Sampling},
  author =       {Zeng, Zhanpeng and Xiong, Yunyang and Ravi, Sathya and Acharya, Shailesh and Fung, Glenn M and Singh, Vikas},
  booktitle = 	 {Proceedings of the 38th International Conference on Machine Learning},
  pages = 	 {12321--12332},
  year = 	 {2021},
  editor = 	 {Meila, Marina and Zhang, Tong},
  volume = 	 {139},
  series = 	 {Proceedings of Machine Learning Research},
  month = 	 {18--24 Jul},
  publisher =    {PMLR},
  pdf = 	 {http://proceedings.mlr.press/v139/zeng21a/zeng21a.pdf},
  url = 	 {https://proceedings.mlr.press/v139/zeng21a.html}
}


 @misc{ftc2, 
    title={The FTC's new enforcement weapon spells death for algorithms},
    url={https://www.protocol.com/policy/ftc-algorithm-destroy-data-privacy}, 
    journal={Protocol}, 
    publisher={Protocol}, 
    author={Kaye, Kate}, 
    year={2022},
    month={Mar}
} 

@inproceedings{
basu2021influence,
title={Influence Functions in Deep Learning Are Fragile},
author={Samyadeep Basu and Phil Pope and Soheil Feizi},
booktitle={International Conference on Learning Representations},
year={2021},
url={https://openreview.net/forum?id=xHKVVHGDOEk}
}

@article{Traonmilin_2020,
	doi = {10.1088/1361-6420/ab5aa3},
	url = {https://doi.org/10.1088/1361-6420/ab5aa3},
	year = 2020,
	month = {feb},
	publisher = {{IOP} Publishing},
	volume = {36},
	number = {4},
	pages = {045003},
	author = {Yann Traonmilin and Jean-Fran{\c{c}}ois Aujol},
	title = {The basins of attraction of the global minimizers of the non-convex sparse spike estimation problem},
	journal = {Inverse Problems}
}

@article{dawid1979conditional,
  title={Conditional independence in statistical theory},
  author={Dawid, A Philip},
  journal={Journal of the Royal Statistical Society: Series B (Methodological)},
  volume={41},
  number={1},
  pages={1--15},
  year={1979},
  publisher={Wiley Online Library}
}

@article{loizou2020convergence,
  title={Convergence analysis of inexact randomized iterative methods},
  author={Loizou, Nicolas and Richt{\'a}rik, Peter},
  journal={SIAM Journal on Scientific Computing},
  volume={42},
  number={6},
  pages={A3979--A4016},
  year={2020},
  publisher={SIAM}
}

@misc{loizou2019convergenceArxiv,
      title={Convergence Analysis of Inexact Randomized Iterative Methods}, 
      author={Nicolas Loizou and Peter Richt√°rik},
      year={2019},
      eprint={1903.07971},
      archivePrefix={arXiv},
      primaryClass={math.OC}
}


@inproceedings{huang2008labeled,
  title={Labeled faces in the wild: A database forstudying face recognition in unconstrained environments},
  author={Huang, Gary B and Mattar, Marwan and Berg, Tamara and Learned-Miller, Eric},
  booktitle={Workshop on faces in'Real-Life'Images: detection, alignment, and recognition},
  year={2008}
}
@InProceedings{Parkhi15,
  author       = "Omkar M. Parkhi and Andrea Vedaldi and Andrew Zisserman",
  title        = "Deep Face Recognition",
  booktitle    = "British Machine Vision Conference",
  year         = "2015",
}

@inproceedings{neel2021descent,
  title={Descent-to-delete: Gradient-based methods for machine unlearning},
  author={Neel, Seth and Roth, Aaron and Sharifi-Malvajerdi, Saeed},
  booktitle={Algorithmic Learning Theory},
  pages={931--962},
  year={2021},
  organization={PMLR}
}


@InProceedings{Sun_2019_ICCV,
author = {Sun, Yiyou and Ravi, Sathya N. and Singh, Vikas},
title = {Adaptive Activation Thresholding: Dynamic Routing Type Behavior for Interpretability in Convolutional Neural Networks},
booktitle = {Proceedings of the IEEE/CVF International Conference on Computer Vision (ICCV)},
month = {October},
year = {2019}
}

@InProceedings{Golatkar_2021_CVPR,
    author    = {Golatkar, Aditya and Achille, Alessandro and Ravichandran, Avinash and Polito, Marzia and Soatto, Stefano},
    title     = {Mixed-Privacy Forgetting in Deep Networks},
    booktitle = {Proceedings of the IEEE/CVF Conference on Computer Vision and Pattern Recognition (CVPR)},
    month     = {June},
    year      = {2021},
    pages     = {792-801}
}


@inproceedings{bourtoule2021machine,
  title={Machine unlearning},
  author={Bourtoule, Lucas and Chandrasekaran, Varun and Choquette-Choo, Christopher A and Jia, Hengrui and Travers, Adelin and Zhang, Baiwu and Lie, David and Papernot, Nicolas},
  booktitle={2021 IEEE Symposium on Security and Privacy (SP)},
  pages={141--159},
  year={2021},
  organization={IEEE}
}


@misc{Exposing,
  author = {Harvey, Adam. LaPlace, Jules.},
  title = {Exposing.ai},
  year = 2021,
  url = {https://exposing.ai},
  urldate = {2021-01-01}
}

@misc{ftc,
    title={California Company Settles FTC Allegations It Deceived Consumers about use of Facial Recognition in Photo Storage App},
    url={https://www.ftc.gov/news-events/press-releases/2021/01/california-company-settles-ftc-allegations-it-deceived-consumers},
    journal={Federal Trade Commission},
    year={2021},
    month={Jan},
    author={FTC}
} 

@misc{ptheory,
    title={Probability Theory},
    url={http://www.gatsby.ucl.ac.uk/~porbanz/teaching/G6106S16/NotesG6106S16_9May16.pdf},
    journal={Probability Theory II},
    year={2016},
    month={Spring},
    author={Peter Orbanz}
}

@article{carlini2020attack,
  title={An Attack on InstaHide: Is Private Learning Possible with Instance Encoding?},
  author={Carlini, Nicholas and Deng, Samuel and Garg, Sanjam and Jha, Somesh and Mahloujifar, Saeed and Mahmoody, Mohammad and Song, Shuang and Thakurta, Abhradeep and Tramer, Florian},
  journal={arXiv preprint arXiv:2011.05315},
  year={2020}
}

@article{diakonikolas2019approximate,
  title={The approximate duality gap technique: A unified theory of first-order methods},
  author={Diakonikolas, Jelena and Orecchia, Lorenzo},
  journal={SIAM Journal on Optimization},
  volume={29},
  number={1},
  pages={660--689},
  year={2019},
  publisher={SIAM}
}
@inproceedings{carlini2019secret,
  title={The secret sharer: Evaluating and testing unintended memorization in neural networks},
  author={Carlini, Nicholas and Liu, Chang and Erlingsson, {\'U}lfar and Kos, Jernej and Song, Dawn},
  booktitle={28th $\{$USENIX$\}$ Security Symposium ($\{$USENIX$\}$ Security 19)},
  pages={267--284},
  year={2019}
}


@inproceedings{bau2017network,
  title={Network dissection: Quantifying interpretability of deep visual representations},
  author={Bau, David and Zhou, Bolei and Khosla, Aditya and Oliva, Aude and Torralba, Antonio},
  booktitle={Proceedings of the IEEE conference on computer vision and pattern recognition},
  pages={6541--6549},
  year={2017}
}

@inproceedings{fong2018net2vec,
  title={Net2vec: Quantifying and explaining how concepts are encoded by filters in deep neural networks},
  author={Fong, Ruth and Vedaldi, Andrea},
  booktitle={Proceedings of the IEEE conference on computer vision and pattern recognition},
  pages={8730--8738},
  year={2018}
}


@article{ginart2019making,
  title={Making AI Forget You: Data Deletion in Machine Learning},
  author={Ginart, A and Guan, M and Valiant, G and Zou, J},
  journal={Advances in neural information processing systems},
  year={2019}
}


@inproceedings{schelter2019amnesia,
  title={amnesia--towards machine learning models that can forget user data very fast},
  author={Schelter, Sebastian},
  booktitle={1st International Workshop on Applied AI for Database Systems and Applications (AIDB19)},
  year={2019}
}


@inproceedings{cao2015towards,
  title={Towards making systems forget with machine unlearning},
  author={Cao, Yinzhi and Yang, Junfeng},
  booktitle={2015 IEEE Symposium on Security and Privacy},
  pages={463--480},
  year={2015},
  organization={IEEE}
}


@inproceedings{romero2007incremental,
  title={Incremental and decremental learning for linear support vector machines},
  author={Romero, Enrique and Barrio, Ignacio and Belanche, Llu{\'\i}s},
  booktitle={International Conference on Artificial Neural Networks},
  pages={209--218},
  year={2007},
  organization={Springer}
}

@article{karasuyama2009multiple,
  title={Multiple incremental decremental learning of support vector machines},
  author={Karasuyama, Masayuki and Takeuchi, Ichiro},
  journal={Advances in neural information processing systems},
  volume={22},
  pages={907--915},
  year={2009},
  publisher={Citeseer}
}



@inproceedings{hariharan2015hypercolumns,
  title={Hypercolumns for object segmentation and fine-grained localization},
  author={Hariharan, Bharath and Arbel{\'a}ez, Pablo and Girshick, Ross and Malik, Jitendra},
  booktitle={Proceedings of the IEEE conference on computer vision and pattern recognition},
  pages={447--456},
  year={2015}
}


@inproceedings{yao2020pyhessian,
  title={Pyhessian: Neural networks through the lens of the hessian},
  author={Yao, Zhewei and Gholami, Amir and Keutzer, Kurt and Mahoney, Michael W},
  booktitle={2020 IEEE International Conference on Big Data (Big Data)},
  pages={581--590},
  year={2020},
  organization={IEEE}
}

@inproceedings{simsekli2020fractional,
  title={Fractional underdamped langevin dynamics: Retargeting sgd with momentum under heavy-tailed gradient noise},
  author={Simsekli, Umut and Zhu, Lingjiong and Teh, Yee Whye and Gurbuzbalaban, Mert},
  booktitle={International Conference on Machine Learning},
  pages={8970--8980},
  year={2020},
  organization={PMLR}
}
@book{spirtes2000causation,
  title={Causation, prediction, and search},
  author={Spirtes, Peter and Glymour, Clark N and Scheines, Richard and Heckerman, David},
  year={2000},
  publisher={MIT press}
}

@inproceedings{koh2017understanding,
  title={Understanding black-box predictions via influence functions},
  author={Koh, Pang Wei and Liang, Percy},
  booktitle={International Conference on Machine Learning},
  pages={1885--1894},
  year={2017},
  organization={PMLR}
}
@inproceedings{fazlyab2019efficient,
  title     = {Efficient and Accurate Estimation of Lipschitz Constants for Deep Neural Networks},
  author    = {Fazlyab, Mahyar and Robey, Alexander and Hassani, Hamed and Morari, Manfred and Pappas, George J},
  booktitle = {Advances in Neural Information Processing Systems (NeurIPS)},
  year      = {2019}
}
@inproceedings{gorbunov2020unified,
  title={A unified theory of SGD: Variance reduction, sampling, quantization and coordinate descent},
  author={Gorbunov, Eduard and Hanzely, Filip and Richt{\'a}rik, Peter},
  booktitle={International Conference on Artificial Intelligence and Statistics},
  pages={680--690},
  year={2020},
  organization={PMLR}
}
@inproceedings{gower2019sgd,
  title={SGD: General analysis and improved rates},
  author={Gower, Robert Mansel and Loizou, Nicolas and Qian, Xun and Sailanbayev, Alibek and Shulgin, Egor and Richt{\'a}rik, Peter},
  booktitle={International Conference on Machine Learning},
  pages={5200--5209},
  year={2019},
  organization={PMLR}
}
@inproceedings{golatkar2020forgetting,
  title={Forgetting outside the box: Scrubbing deep networks of information accessible from input-output observations},
  author={Golatkar, Aditya and Achille, Alessandro and Soatto, Stefano},
  booktitle={European Conference on Computer Vision},
  pages={383--398},
  year={2020},
  organization={Springer}
}

@article{codec,
  title={A simple measure of conditional dependence},
  author={Azadkia, Mona and Chatterjee, Sourav},
  journal={arXiv preprint arXiv:1910.12327},
  year={2019}
}


@article{chatterjee2020new,
author = {Sourav Chatterjee},
title = {A New Coefficient of Correlation},
journal = {Journal of the American Statistical Association},
volume = {0},
number = {0},
pages = {1-21},
year  = {2020},
publisher = {Taylor & Francis},
doi = {10.1080/01621459.2020.1758115},

URL = { 
        https://doi.org/10.1080/01621459.2020.1758115
    
},
eprint = { 
        https://doi.org/10.1080/01621459.2020.1758115
    
}

}


@inproceedings{bullseye,
  title={Model-Augmented Conditional Mutual Information Estimation for Feature Selection},
  author={Yang, Alan and Ghassami, AmirEmad and Raginsky, Maxim and Kiyavash, Negar and Rosenbaum, Elyse},
  booktitle={Conference on Uncertainty in Artificial Intelligence},
  pages={1139--1148},
  year={2020},
  organization={PMLR}
}

@inproceedings{izzo2020approximate,
  title={Approximate data deletion from machine learning models},
  author={Izzo, Zachary and Smart, Mary Anne and Chaudhuri, Kamalika and Zou, James},
  booktitle={International Conference on Artificial Intelligence and Statistics},
  pages={2008--2016},
  year={2021},
  organization={PMLR}
}

@article{harutyunyan2021estimating,
  title={Estimating informativeness of samples with Smooth Unique Information},
  author={Harutyunyan, Hrayr and Achille, Alessandro and Paolini, Giovanni and Majumder, Orchid and Ravichandran, Avinash and Bhotika, Rahul and Soatto, Stefano},
  journal={arXiv preprint arXiv:2101.06640},
  year={2021}
}

@inproceedings{guo2019certified,
  title={Certified Data Removal from Machine Learning Models},
  author={Guo, Chuan and Goldstein, Tom and Hannun, Awni and Van Der Maaten, Laurens},
  booktitle={International Conference on Machine Learning},
  pages={3832--3842},
  year={2020},
  organization={PMLR}
}

@misc{sekhari2021remember,
      title={Remember What You Want to Forget: Algorithms for Machine Unlearning}, 
      author={Ayush Sekhari and Jayadev Acharya and Gautam Kamath and Ananda Theertha Suresh},
      year={2021},
      eprint={2103.03279},
      archivePrefix={arXiv},
      primaryClass={cs.LG}
}

@inproceedings{golatkar2020eternal,
  title={Eternal sunshine of the spotless net: Selective forgetting in deep networks},
  author={Golatkar, Aditya and Achille, Alessandro and Soatto, Stefano},
  booktitle={Proceedings of the IEEE/CVF Conference on Computer Vision and Pattern Recognition},
  pages={9304--9312},
  year={2020}
}

@inproceedings{runge2018conditional,
  title={Conditional independence testing based on a nearest-neighbor estimator of conditional mutual information},
  author={Runge, Jakob},
  booktitle={International Conference on Artificial Intelligence and Statistics},
  pages={938--947},
  year={2018},
  organization={PMLR}
}


@inproceedings{tuggener2020ledgar,
  title={LEDGAR: a large-scale multi-label corpus for text classification of legal provisions in contracts},
  author={Tuggener, Don and von D{\"a}niken, Pius and Peetz, Thomas and Cieliebak, Mark},
  booktitle={12th Language Resources and Evaluation Conference (LREC) 2020},
  pages={1228--1234},
  year={2020},
  organization={European Language Resources Association}
}

@article{sanh2019distilbert,
  title={DistilBERT, a distilled version of BERT: smaller, faster, cheaper and lighter},
  author={Sanh, Victor and Debut, Lysandre and Chaumond, Julien and Wolf, Thomas},
  journal={arXiv preprint arXiv:1910.01108},
  year={2019}
}

@inproceedings{zheng2015scalable,
  title={Scalable person re-identification: A benchmark},
  author={Zheng, Liang and Shen, Liyue and Tian, Lu and Wang, Shengjin and Wang, Jingdong and Tian, Qi},
  booktitle={Proceedings of the IEEE international conference on computer vision},
  pages={1116--1124},
  year={2015}
}

@inproceedings{wei2018person,
  title={Person transfer gan to bridge domain gap for person re-identification},
  author={Wei, Longhui and Zhang, Shiliang and Gao, Wen and Tian, Qi},
  booktitle={Proceedings of the IEEE conference on computer vision and pattern recognition},
  pages={79--88},
  year={2018}
}

@INPROCEEDINGS{hirzer11,
  author = {Martin Hirzer and Csaba Beleznai and Peter M. Roth and Horst Bischof},
  title = {{Person Re-Identification by Descriptive and Discriminative Classification}},
  booktitle = {{Proc. Scandinavian Conference on Image Analysis (SCIA)}},
  year = {2011}
}

@inproceedings{loy2009multi,
  title={Multi-camera activity correlation analysis},
  author={Loy, Chen Change and Xiang, Tao and Gong, Shaogang},
  booktitle={2009 IEEE Conference on Computer Vision and Pattern Recognition},
  pages={1988--1995},
  year={2009},
  organization={IEEE}
}

@inproceedings{zhou2019omni,
  title={Omni-scale feature learning for person re-identification},
  author={Zhou, Kaiyang and Yang, Yongxin and Cavallaro, Andrea and Xiang, Tao},
  booktitle={Proceedings of the IEEE/CVF International Conference on Computer Vision},
  pages={3702--3712},
  year={2019}
}

@inproceedings{martens2015optimizing,
  title={Optimizing neural networks with kronecker-factored approximate curvature},
  author={Martens, James and Grosse, Roger},
  booktitle={International conference on machine learning},
  pages={2408--2417},
  year={2015},
  organization={PMLR}
}