@article{zhang2018rate,
	title={Rate-invariant analysis of covariance trajectories},
	author={Zhang, Zhengwu and Su, Jingyong and Klassen, Eric and Le, Huiling and Srivastava, Anuj},
	journal={Journal of Mathematical Imaging and Vision},
	pages={1--18},
	year={2018},
	publisher={Springer}
}

@article{su2014statistical,
	title={Statistical analysis of trajectories on Riemannian manifolds: bird migration, hurricane tracking and video surveillance},
	author={Su, Jingyong and Kurtek, Sebastian and Klassen, Eric and Srivastava, Anuj and others},
	journal={The Annals of Applied Statistics},
	volume={8},
	number={1},
	pages={530--552},
	year={2014},
	publisher={Institute of Mathematical Statistics}
}

@article{grenander1957statistical,
	title={Statistical analysis of stationary time series},
	author={Grenander, Ulf and Rosenblatt, Murray},
	year={1957},
	publisher={John Wiley \& Sons, Almqvist \& Wiksell}
}

@article{grenander1998computational,
	title={Computational anatomy: An emerging discipline},
	author={Grenander, Ulf and Miller, Michael I},
	journal={Quarterly of applied mathematics},
	volume={56},
	number={4},
	pages={617--694},
	year={1998}
}

@article{grenander1994representations,
	title={Representations of knowledge in complex systems},
	author={Grenander, Ulf and Miller, Michael I},
	journal={Journal of the Royal Statistical Society. Series B (Methodological)},
	pages={549--603},
	year={1994},
	publisher={JSTOR}
}

@book{grenander2008probabilities,
	title={Probabilities on algebraic structures},
	author={Grenander, Ulf},
	year={2008},
	publisher={Courier Corporation}
}
@article{mormino2014amyloid,
	title={Amyloid and APOE $\varepsilon$4 interact to influence short-term decline in preclinical Alzheimer disease},
	author={Mormino, Elizabeth C and Betensky, Rebecca A and Hedden, Trey and Schultz, Aaron P and Ward, Andrew and Huijbers, Willem and Rentz, Dorene M and Johnson, Keith A and Sperling, Reisa A and Alzheimer's Disease Neuroimaging Initiative and others},
	journal={Neurology},
	volume={82},
	number={20},
	pages={1760--1767},
	year={2014},
	publisher={AAN Enterprises}
}

@article{ricci2012using,
	title={Using the Rey Auditory Verbal Learning Test (RAVLT) to differentiate Alzheimer's dementia and behavioural variant fronto-temporal dementia},
	author={Ricci, Monica and Graef, Susanne and Blundo, Carlo and Miller, Laurie A},
	journal={The Clinical Neuropsychologist},
	volume={26},
	number={6},
	pages={926--941},
	year={2012},
	publisher={Taylor \& Francis}
}

@article{hardy2002amyloid,
	title={The amyloid hypothesis of Alzheimer's disease: progress and problems on the road to therapeutics},
	author={Hardy, John and Selkoe, Dennis J},
	journal={Science},
	volume={297},
	number={5580},
	pages={353--356},
	year={2002},
	publisher={American Association for the Advancement of Science}
}

@article{hardy1992alzheimer,
	title={Alzheimer's disease: the amyloid cascade hypothesis},
	author={Hardy, John A and Higgins, Gerald A},
	journal={Science},
	volume={256},
	number={5054},
	pages={184},
	year={1992},
	publisher={The American Association for the Advancement of Science}
}
@article{tanzi2005twenty,
	title={Twenty years of the Alzheimer’s disease amyloid hypothesis: a genetic perspective},
	author={Tanzi, Rudolph E and Bertram, Lars},
	journal={Cell},
	volume={120},
	number={4},
	pages={545--555},
	year={2005},
	publisher={Elsevier}
}

@article{jack2010brain,
	title={Brain beta-amyloid measures and magnetic resonance imaging atrophy both predict time-to-progression from mild cognitive impairment to Alzheimer’s disease},
	author={Jack Jr, Clifford R and Wiste, Heather J and Vemuri, Prashanthi and Weigand, Stephen D and Senjem, Matthew L and Zeng, Guang and Bernstein, Matt A and Gunter, Jeffrey L and Pankratz, Vernon S and Aisen, Paul S and others},
	journal={Brain},
	volume={133},
	number={11},
	pages={3336--3348},
	year={2010},
	publisher={Oxford University Press}
}

@article{douaud2011dti,
	title={DTI measures in crossing-fibre areas: increased diffusion anisotropy reveals early white matter alteration in MCI and mild Alzheimer's disease},
	author={Douaud, Gwena{\"e}lle and Jbabdi, Sa{\^a}d and Behrens, Timothy EJ and Menke, Ricarda A and Gass, Achim and Monsch, Andreas U and Rao, Anil and Whitcher, Brandon and Kindlmann, Gordon and Matthews, Paul M and others},
	journal={Neuroimage},
	volume={55},
	number={3},
	pages={880--890},
	year={2011},
	publisher={Elsevier}
}

@article{albert2011diagnosis,
	title={The diagnosis of mild cognitive impairment due to Alzheimer’s disease: Recommendations from the National Institute on Aging-Alzheimer’s Association workgroups on diagnostic guidelines for Alzheimer's disease},
	author={Albert, Marilyn S and DeKosky, Steven T and Dickson, Dennis and Dubois, Bruno and Feldman, Howard H and Fox, Nick C and Gamst, Anthony and Holtzman, David M and Jagust, William J and Petersen, Ronald C and others},
	journal={Alzheimer's \& dementia},
	volume={7},
	number={3},
	pages={270--279},
	year={2011},
	publisher={Elsevier}
}

@article{lin2014cingulum,
	title={Cingulum correlates of cognitive functions in patients with mild cognitive impairment and early Alzheimer’s disease: a diffusion spectrum imaging study},
	author={Lin, Yi-Cheng and Shih, Yao-Chia and Tseng, Wen-Yih I and Chu, Yu-Hsiu and Wu, Meng-Tien and Chen, Ta-Fu and Tang, Pei-Fang and Chiu, Ming-Jang},
	journal={Brain topography},
	volume={27},
	number={3},
	pages={393--402},
	year={2014},
	publisher={Springer}
}

@book{lezak2004neuropsychological,
	title={Neuropsychological assessment},
	author={Lezak, Muriel Deutsch},
	year={2004},
	publisher={Oxford University Press, USA}
}

@article{sager2005middle,
	title={Middle-aged children of persons with Alzheimer’s disease: APOE genotypes and cognitive function in the Wisconsin Registry for Alzheimer’s Prevention},
	author={Sager, Mark A and Hermann, Bruce and La Rue, Asenath},
	journal={Journal of geriatric psychiatry and neurology},
	volume={18},
	number={4},
	pages={245--249},
	year={2005},
	publisher={Sage Publications Sage CA: Thousand Oaks, CA}
}

@book{naidich2009duvernoy,
	title={Duvernoy's atlas of the human brain stem and cerebellum: high-field MRI, surface anatomy, internal structure, vascularization and 3 D sectional anatomy},
	author={Naidich, Thomas P and Duvernoy, Henri M and Delman, Bradley N and Sorensen, A Gregory and Kollias, Spyros S and Haacke, E Mark},
	year={2009},
	publisher={Springer Science \& Business Media}
}

@article{darst2017pathway,
	title={Pathway-Specific Polygenic Risk Scores as Predictors of Amyloid-$\beta$ Deposition and Cognitive Function in a Sample at Increased Risk for Alzheimer’s Disease},
	author={Darst, Burcu F and Koscik, Rebecca L and Racine, Annie M and Oh, Jennifer M and Krause, Rachel A and Carlsson, Cynthia M and Zetterberg, Henrik and Blennow, Kaj and Christian, Bradley T and Bendlin, Barbara B and others},
	journal={Journal of Alzheimer's Disease},
	volume={55},
	number={2},
	pages={473--484},
	year={2017},
	publisher={IOS Press}
}

@article{corder1993gene,
	title={Gene dose of apolipoprotein E type 4 allele and the risk of Alzheimer’s disease in late onset families},
	author={Corder, EH and Saunders, AM and Strittmatter, WJ and Schmechel, DE and Gaskell, PC and Small, GWet al and Roses, AD and Haines, JL and Pericak-Vance, M Al},
	journal={Science},
	volume={261},
	number={5123},
	pages={921--923},
	year={1993}
}
@article {HEC:HEC1223,
	author = {Stehr, Mark},
	title = {The effect of cigarette taxes on smoking among men and women},
	journal = {Health Economics},
	volume = {16},
	number = {12},
	publisher = {John Wiley & Sons, Ltd.},
	issn = {1099-1050},
	url = {http://dx.doi.org/10.1002/hec.1223},
	doi = {10.1002/hec.1223},
	pages = {1333--1343},
	keywords = {tobacco, cigarettes, taxation, smoking},
	year = {2007},
}

@book{arora2009computational,
	title={Computational complexity: a modern approach},
	author={Arora, Sanjeev and Barak, Boaz},
	year={2009},
	publisher={Cambridge University Press}
}

@inproceedings{hong2015group,
	title={Group testing for longitudinal data},
	author={Hong, Yi and Singh, Nikhil and Kwitt, Roland and Niethammer, Marc},
	booktitle={International Conference on Information Processing in Medical Imaging},
	pages={139--151},
	year={2015},
	organization={Springer}
}

@inproceedings{muralidharan2012sasaki,
	title={Sasaki metrics for analysis of longitudinal data on manifolds},
	author={Muralidharan, Prasanna and Fletcher, P Thomas},
	booktitle={Computer Vision and Pattern Recognition (CVPR), 2012 IEEE Conference on},
	pages={1027--1034},
	year={2012},
	organization={IEEE}
}

@book{talagrand2006generic,
	title={The generic chaining: upper and lower bounds of stochastic processes},
	author={Talagrand, Michel},
	year={2006},
	publisher={Springer Science \& Business Media}
}

@article{seber2003linear,
	title={Linear regression analysis. Hoboken},
	author={Seber, George AF and Lee, Alan J},
	journal={NJ: Wiley. doi},
	volume={10},
	pages={9780471722199},
	year={2003}
}

@article{laurent2000adaptive,
	title={Adaptive estimation of a quadratic functional by model selection},
	author={Laurent, Beatrice and Massart, Pascal},
	journal={Annals of Statistics},
	pages={1302--1338},
	year={2000},
	publisher={JSTOR}
}

@article{davies2001local,
	title={Local extremes, runs, strings and multiresolution},
	author={Davies, P Laurie and Kovac, Arne},
	journal={Annals of Statistics},
	pages={1--48},
	year={2001},
	publisher={JSTOR}
}

@article{jeng2010optimal,
	title={Optimal sparse segment identification with application in copy number variation analysis},
	author={Jeng, X Jessie and Cai, T Tony and Li, Hongzhe},
	journal={Journal of the American Statistical Association},
	volume={105},
	number={491},
	pages={1156--1166},
	year={2010},
	publisher={Taylor \& Francis}
}

@article{belilovsky2015hypothesis,
	title={Hypothesis Testing for Differences in Gaussian Graphical Models: Applications to Brain Connectivity},
	author={Belilovsky, Eugene and Varoquaux, Ga{\"e}l and Blaschko, Matthew B},
	journal={arXiv preprint arXiv:1512.08643},
	year={2015}
}

@article{albert2001preclinical,
	title={Preclinical prediction of AD using neuropsychological tests},
	author={Albert, Marilyn S and Moss, Mark B and Tanzi, Rudolph and Jones, Kenneth},
	journal={Journal of the International Neuropsychological Society},
	volume={7},
	number={05},
	pages={631--639},
	year={2001},
	publisher={Cambridge Univ Press}
}

@article{roehrig1988conditions,
	title={Conditions for identification in nonparametric and parametric models},
	author={Roehrig, Charles S},
	journal={Econometrica: Journal of the Econometric Society},
	pages={433--447},
	year={1988},
	publisher={JSTOR}
}

@article{hardle1993comparing,
	title={Comparing nonparametric versus parametric regression fits},
	author={Hardle, Wolfgang and Mammen, Enno},
	journal={The Annals of Statistics},
	pages={1926--1947},
	year={1993},
	publisher={JSTOR}
}

@article{rimol2010sex,
	title={Sex-dependent association of common variants of microcephaly genes with brain structure},
	author={Rimol, Lars M and Agartz, Ingrid and Djurovic, Srdjan and Brown, Andrew A and Roddey, J Cooper and K{\"a}hler, Anna K and Mattingsdal, Morten and Athanasiu, Lavinia and Joyner, Alexander H and Schork, Nicholas J and others},
	journal={Proceedings of the National Academy of Sciences},
	volume={107},
	number={1},
	pages={384--388},
	year={2010},
	publisher={National Acad Sciences}
}

@article{fratiglioni1991prevalence,
	title={Prevalence of Alzheimer's disease and other dementias in an elderly urban population Relationship with age, sex, and education},
	author={Fratiglioni, Laura and Grut, M and Forsell, Y and Viitanen, M and Grafstr{\"o}m, M and Holmen, K and Ericsson, K and B{\"a}ckman, L and Ahlbom, A and Winblad, B},
	journal={Neurology},
	volume={41},
	number={12},
	pages={1886--1886},
	year={1991},
	publisher={AAN Enterprises}
}

@article{barry2008fas,
	title={FAS and CFL forms of verbal fluency differ in difficulty: A meta-analytic study},
	author={Barry, Danielle and Bates, Marsha E and Labouvie, Erich},
	journal={Applied neuropsychology},
	volume={15},
	number={2},
	pages={97--106},
	year={2008},
	publisher={Taylor \& Francis}
}

@article{ingalhalikar2014sex,
	title={Sex differences in the structural connectome of the human brain},
	author={Ingalhalikar, M. and Smith, A. and others},
	journal={Proceedings of the National Academy of Sciences},
	volume={111},
	number={2},
	pages={823--828},
	year={2014},
	publisher={National Acad Sciences}
}

@article{mori2008stereotaxic,
	title={Stereotaxic white matter atlas based on diffusion tensor imaging in an ICBM template},
	author={Mori, S. and Oishi, K. and others},
	journal={Neuroimage},
	volume={40},
	number={2},
	pages={570--582},
	year={2008},
	publisher={Elsevier}
}

@article{racine2014associations,
	title={Associations between white matter microstructure and amyloid burden in preclinical {AD}: a multimodal imaging investigation},
	author={Racine, A. M and Adluru, N. and others},
	journal={NeuroImage: Clinical},
	volume={4},
	pages={604--614},
	year={2014},
	publisher={Elsevier}
}

@article{trivedi2006reduced,
	title={Reduced hippocampal activation during episodic encoding in middle-aged individuals at genetic risk of {AD}: a cross-sectional study},
	author={Trivedi, M.A. and Schmitz, T.W. and others},
	journal={BMC medicine},
	volume={4},
	number={1},
	pages={1},
	year={2006},
	publisher={BioMed Central Ltd}
}

@article{fan2012control,
	title={Control of the FDR under arbitrary covariance dependence},
	author={ Fan, J. and Han, X. and others},
	journal={JASA},
	year={2012}
}

@article{arias2005near,
	title={Near-optimal detection of geometric objects by fast multiscale methods},
	author={Arias-Castro, E. and Donoho, D. L. and others},
	journal={Information Theory},
	volume={51},
	number={7},
	pages={2402--2425},
	year={2005},
	publisher={IEEE}
}
@article{arias2011detection,
	title={Detection of an anomalous cluster in a network},
	author={Arias-Castro, E. and Cand{\`e}s, E. J. and others},
	journal={The Annals of Statistics},
	pages={278--304},
	year={2011},
	publisher={JSTOR}
}

@article{du2014geodesic,
	title={Geodesic regression on orientation distribution functions with its application to an aging study},
	author={Du, J. and Goh, A. and Kushnarev, S. and Qiu, A.},
	journal={NeuroImage},
	volume={87},
	pages={416--426},
	year={2014},
	publisher={Elsevier}
}

@article{du2012diffeomorphic,
	title={Diffeomorphic metric mapping of high angular resolution diffusion imaging based on riemannian structure of orientation distribution functions},
	author={Du, Jia and Goh, Alvina and Qiu, Anqi},
	journal={Medical Imaging, IEEE Transactions on},
	volume={31},
	number={5},
	pages={1021--1033},
	year={2012},
	publisher={IEEE}
}

@inproceedings{xie2013nonlinear,
	title={On a nonlinear generalization of sparse coding and dictionary learning},
	author={Xie, Y. and Ho, J. and others},
	booktitle={ICML},
	pages={1480},
	year={2013},
}
@article{mcardle2000introduction,
	title={An introduction to latent growth models for developmental data analysis.},
	author={McArdle, J.J. and Bell, R.Q.},
	year={2000},
	publisher={Lawrence Erlbaum Associates Publishers}
}
@book{ullman2003structural,
	title={Structural equation modeling},
	author={Ullman, J.B. and Bentler, P.M.},
	year={2003},
	publisher={Wiley Online Library}
}
@article{friston2011functional,
	title={Functional and effective connectivity: a review},
	author={Friston, K.J.},
	journal={Brain connectivity},
	volume={1},
	number={1},
	pages={13--36},
	year={2011},
	publisher={Mary Ann Liebert, Inc. 140 Huguenot Street, 3rd Floor New Rochelle, NY 10801 USA}
}

@book{jordan1998learning,
	title={Learning in graphical models},
	author={Jordan, M.I.},
	volume={89},
	year={1998},
	publisher={Springer Science \& Business Media}
}

@book{lauritzen1996graphical,
	title={Graphical models},
	author={Lauritzen, S.L.},
	year={1996},
	publisher={Clarendon Press}
}

@book{koller2009probabilistic,
	title={Probabilistic graphical models: principles and techniques},
	author={Koller, D. and Friedman, N.},
	year={2009},
	publisher={MIT press}
}

@article{acheson2013stimulating,
	title={Stimulating the brain's language network: syntactic ambiguity resolution after TMS to the inferior frontal gyrus and middle temporal gyrus},
	author={Acheson, Daniel J and Hagoort, Peter},
	journal={Journal of cognitive neuroscience},
	volume={25},
	number={10},
	pages={1664--1677},
	year={2013},
	publisher={MIT Press}
}

@article{sommer2014optimization,
	title={Optimization over geodesics for exact principal geodesic analysis},
	author={Sommer, S. and Lauze, F. and others},
	journal={Adv. in Comp. Math.},
	volume={40},
	number={2},
	pages={283--313},
	year={2014},
	publisher={Springer}
}

@incollection{xie2010statistical,
	title={Statistical analysis of tensor fields},
	author={Xie, Y. and Vemuri, B.C. and others},
	booktitle={MICCAI},
	pages={682--689},
	year={2010},
	publisher={Springer}
}

@book{geer2000empirical,
	title={Empirical Processes in M-estimation},
	author={Geer, S.A.},
	volume={6},
	year={2000},
	publisher={Cambridge university press}
}

@inproceedings{zhang2013probabilistic,
	title={Probabilistic principal geodesic analysis},
	author={Zhang, M. and Fletcher, T.P.},
	booktitle={Advances in Neural Information Processing Systems},
	pages={1178--1186},
	year={2013}
}

@article{fletcher2007riemannian,
	title={Riemannian geometry for the statistical analysis of diffusion tensor data},
	author={Fletcher, T.P. and Joshi, S.},
	journal={Signal Processing},
	volume={87},
	number={2},
	pages={250--262},
	year={2007},
	publisher={Elsevier}
}

@incollection{banerjee2015nonlinear,
	title={Nonlinear Regression on {R}iemannian Manifolds and Its Applications to Neuro-Image Analysis},
	author={Banerjee, M. and Chakraborty, R. and others},
	booktitle={MICCAI},
	pages={719--727},
	year={2015}
}
@incollection{shakhnarovich2002face,
	title={Face recognition from long-term observations},
	author={Shakhnarovich, Gregory and Fisher, John W and Darrell, Trevor},
	booktitle={Computer Vision—ECCV 2002},
	pages={851--865},
	year={2002},
	publisher={Springer}
}

@inproceedings{wang2012covariance,
	title={Covariance discriminative learning: A natural and efficient approach to image set classification},
	author={Wang, Ruiping and Guo, Huimin and Davis, Larry S and Dai, Qionghai},
	booktitle={Computer Vision and Pattern Recognition (CVPR), 2012 IEEE Conference on},
	pages={2496--2503},
	year={2012},
	organization={IEEE}
}

@inproceedings{tuzel2007human,
	title={Human detection via classification on {R}iemannian manifolds},
	author={Tuzel, Oncel and Porikli, Fatih and Meer, Peter},
	booktitle={Computer Vision and Pattern Recognition, 2007. CVPR'07. IEEE Conference on},
	pages={1--8},
	year={2007},
	organization={IEEE}
}
@inproceedings{wu2005analysis,
	title={An analysis of transformation on non-positive semidefinite similarity matrix for kernel machines},
	author={Wu, G. and Chang, E.Y. and others},
	booktitle={ICML},
	volume={8},
	year={2005},
}

@article{zhou2010time,
	title={Time varying undirected graphs},
	author={Zhou, S. and Lafferty, J. and others},
	journal={ML},
	volume={80},
	number={2-3},
	pages={295--319},
	year={2010},
	publisher={Springer}
}

@article{walther2010optimal,
	title={Optimal and fast detection of spatial clusters with scan statistics},
	author={Walther, G.},
	journal={The Annals of Statistics},
	volume={38},
	number={2},
	pages={1010--1033},
	year={2010},
	publisher={Institute of Mathematical Statistics}
}

@article{wang2016structured,
	title={Structured Correlation Detection with Application to Colocalization Analysis in Dual-Channel Fluorescence Microscopic Imaging},
	author={Wang, S. and Fan, J. and others},
	journal={arXiv preprint arXiv:1604.02158},
	year={2016}
}

@article{karcher1977riemannian,
	title={Riemannian center of mass and mollifier smoothing},
	author={Karcher, Hermann},
	journal={Communications on pure and applied mathematics},
	volume={30},
	number={5},
	pages={509--541},
	year={1977},
	publisher={Wiley Online Library}
}

@article{fletcher2013geodesic,
	title={Geodesic regression and the theory of least squares on {R}iemannian manifolds},
	author={Fletcher, P T.},
	journal={IJCV},
	volume={105},
	number={2},
	pages={171--185},
	year={2013},
	publisher={Springer}
}

@article{cornea2016regression,
	title={Regression models on {R}iemannian symmetric spaces},
	author={Cornea, E. and Zhu, H. and others},
	journal={JRSS-B},
	year={2016},
}

@book{spivak1981comprehensive,
	title={Comprehensive introduction to differential geometry},
	author={Spivak, M.},
	year={1981},
	publisher={Publish or Perish, Inc.}
}

@book{do1992riemannian,
	title={Riemannian geometry},
	author={Do Carmo, M. P},
	year={1992},
	publisher={Springer}
}


@book{lee2012introduction,
	title={Introduction to smooth manifolds},
	author={Lee, John M},
	year={2012},
	publisher={Springer}
}

@inproceedings{jayasumanakernel,
	title={Kernel Methods on the {Riemannian} Manifold of {SPD} Matrices},
	author={Jayasumana, S. and others},
	booktitle={CVPR},
	year={2013}
}

@inproceedings{hjkimcvpr2014,
	title = {Multivariate General Linear Models on {R}iemannian Manifolds with Applications to Statistical Analysis of Diffusion Weighted Images},
	author = { Kim, Hyunwoo J and Adluru, Nagesh and others},
	booktitle = {CVPR},
	pages={2705--2712},
	year = {2014},
}

@article{liu2012statistical,
	title={Statistical significance of clustering for high-dimension, low--sample size data},
	author={Liu, Y. and Hayes, David N. and others},
	journal={JASA},
	year={2012},
	publisher={Taylor \& Francis}
}

@article{huang2015statistical,
	title={Statistical significance of clustering using soft thresholding},
	author={Huang, H. and Liu, Y. and others},
	journal={Journal of Computational and Graphical Statistics},
	volume={24},
	number={4},
	pages={975--993},
	year={2015},
	publisher={Taylor \& Francis}
}

@misc{diffnet,
	Author = {Nicolas Städler and Sach Mukherjee},
	Title = {Two-Sample Testing in High-Dimensional Models},
	Year = {2012},
	Eprint = {arXiv:1210.4584},
}

@article{dupont1998power,
	title={Power and sample size calculations for studies involving linear regression},
	author={Dupont, William D and Plummer, Walton D},
	journal={Controlled clinical trials},
	volume={19},
	number={6},
	pages={589--601},
	year={1998},
	publisher={Elsevier}
}

@article{liao2002comparison,
	title={Comparison in Generalized Linear Models},
	author={Liao, Tim Futing},
	journal={Statistical group comparison},
	pages={62--80},
	year={2002},
	publisher={Wiley Online Library}
}

@book{morgan2013handbook,
	title={Handbook of causal analysis for social research},
	author={Morgan, Stephen Lawrence},
	year={2013},
	publisher={Springer}
}

@article{yuan2010high,
	title={High dimensional inverse covariance matrix estimation via {LP}},
	author={Yuan, M.},
	journal={JMRL},
	volume={11},
	pages={2261--2286},
	year={2010},
	publisher={JMLR. org}
}

@article{liu2009nonparanormal,
	title={The nonparanormal: Semiparametric estimation of high dimensional undirected graphs},
	author={Liu, H. and Lafferty, J. and others},
	journal={JMLR},
	volume={10},
	pages={2295--2328},
	year={2009},
	publisher={JMLR. org}
}

@article{xue2012regularized,
	title={Regularized rank-based estimation of high-dimensional nonparanormal graphical models},
	author={Xue, L. and Zou, H.and others},
	journal={The Annals of Statistics},
	volume={40},
	number={5},
	pages={2541--2571},
	year={2012},
	publisher={Institute of Mathematical Statistics}
}

@article{liu2012high,
	title={High-dimensional semiparametric Gaussian copula graphical models},
	author={Liu, Han and Han, Fang and others},
	journal={The Annals of Statistics},
	volume={40},
	number={4},
	pages={2293--2326},
	year={2012},
	publisher={Institute of Mathematical Statistics}
}

@article{loh2013structure,
	title={Structure estimation for discrete graphical models: Generalized covariance matrices and their inverses},
	author={Loh, Po-Ling and Wainwright, Martin J and others},
	journal={The Annals of Statistics},
	volume={41},
	number={6},
	pages={3022--3049},
	year={2013},
	publisher={Institute of Mathematical Statistics}
}

@article{friedman2008sparse,
	title={Sparse inverse covariance estimation with the graphical {LASSO}},
	author={Friedman, J. and Hastie, T. and others},
	journal={Biostatistics},
	volume={9},
	number={3},
	pages={432--441},
	year={2008},
	publisher={Biometrika Trust}
}

@article{stadler2012two,
	title={Two-sample testing in high-dimensional models},
	author={St{\"a}dler, Nicolas and Mukherjee, Sach},
	journal={arXiv preprint arXiv:1210.4584},
	year={2012}
}

@article{cai2011constrained,
	title={A constrained $\ell_1$ minimization approach to sparse precision matrix estimation},
	author={Cai, T. and Liu, W. and others},
	journal={JASA},
	volume={106},
	number={494},
	pages={594--607},
	year={2011},
	publisher={Taylor \& Francis}
}

@article{danaher2014joint,
	title={The joint graphical {LASSO} for inverse covariance estimation across multiple classes},
	author={Danaher, P. and Wang, P. and others},
	journal={JRSS-B},
	volume={76},
	number={2},
	pages={373--397},
	year={2014},
}

@techreport{friedman2010applications,
	title={Applications of the lasso and grouped lasso to the estimation of sparse graphical models},
	author={Friedman, Jerome and Hastie, Trevor and Tibshirani, Robert},
	year={2010},
	institution={Technical report, Stanford University}
}

@article{yang2015fused,
	title={Fused multiple graphical lasso},
	author={Yang, S. and Lu, Z. and others},
	journal={SIAM J. Opt.},
	volume={25},
	number={2},
	pages={916--943},
	year={2015},
	publisher={SIAM}
}

@article{qiu2015joint,
	title={Joint estimation of multiple graphical models from high dimensional time series},
	author={Qiu, H. and Han, F. and others},
	journal={JRSS-B},
	year={2015},
	publisher={Wiley Online Library}
}

%%%%% SUPPLEMENT/APPENDIX REFS %%%%%%%%
@book{talagrand2006generic,
	title={The generic chaining: upper and lower bounds of stochastic processes},
	author={Talagrand, Michel},
	year={2006},
	publisher={Springer Science \& Business Media}
}

@article{laurent2000adaptive,
	title={Adaptive estimation of a quadratic functional by model selection},
	author={Laurent, Beatrice and Massart, Pascal},
	journal={Annals of Statistics},
	pages={1302--1338},
	year={2000},
	publisher={JSTOR}
}

@article{wragg1989overview,
	title={Overview of depression and psychosis in Alzheimer’s disease},
	author={Wragg, Robin E and Jeste, Dilip V},
	journal={Am J Psychiatry},
	volume={146},
	number={5},
	pages={577--587},
	year={1989}
}

@article{tombaugh2004trail,
	title={Trail Making Test A and B: normative data stratified by age and education},
	author={Tombaugh, Tom N},
	journal={Archives of clinical neuropsychology},
	volume={19},
	number={2},
	pages={203--214},
	year={2004},
	publisher={Elsevier}
}

@misc{wechsler2014wechsler,
	title={Wechsler Adult Intelligence Scale--Fourth Edition (WAIS--IV)},
	author={Wechsler, David},
	year={2014}
}

@book{schmidt1996rey,
	title={Rey auditory verbal learning test: a handbook},
	author={Schmidt, Michael and others},
	year={1996},
	publisher={Western Psychological Services Los Angeles}
}

@book{van1996weak,
	title={Weak Convergence},
	author={Van Der Vaart, Aad W and Wellner, Jon A},
	year={1996},
	publisher={Springer}
}

@inproceedings{wu2005analysis,
	title={An analysis of transformation on non-positive semidefinite similarity matrix for kernel machines},
	author={Wu, G. and Chang, E.Y. and others},
	booktitle={ICML},
	volume={8},
	year={2005},
}

@book{do1992riemannian,
	title={Riemannian geometry},
	author={do Carmo Valero, Manfredo Perdigao},
	year={1992}
}
@incollection{lee2003smooth,
	title={Smooth manifolds},
	author={Lee, John M},
	booktitle={Introduction to Smooth Manifolds},
	pages={1--29},
	year={2003},
	publisher={Springer}
}

@article{spivak1981comprehensive,
	title={comprehensive introduction to differential geometry. Vol. IV.[A]},
	author={Spivak, Michael},
	year={1981},
	publisher={Publish or Perish, Inc., University of Tokyo Press}
}

@article{karcher1977riemannian,
	title={Riemannian center of mass and mollifier smoothing},
	author={Karcher, Hermann},
	journal={Communications on pure and applied mathematics},
	volume={30},
	number={5},
	pages={509--541},
	year={1977},
	publisher={Wiley Online Library}
}


@article{mormino2014amyloid,
	title={Amyloid and APOE $\varepsilon$4 interact to influence short-term decline in preclinical Alzheimer disease},
	author={Mormino, Elizabeth C and Betensky, Rebecca A and Hedden, Trey and Schultz, Aaron P and Ward, Andrew and Huijbers, Willem and Rentz, Dorene M and Johnson, Keith A and Sperling, Reisa A and Alzheimer's Disease Neuroimaging Initiative and others},
	journal={Neurology},
	volume={82},
	number={20},
	pages={1760--1767},
	year={2014},
	publisher={AAN Enterprises}
}

@article{ricci2012using,
	title={Using the Rey Auditory Verbal Learning Test (RAVLT) to differentiate Alzheimer's dementia and behavioural variant fronto-temporal dementia},
	author={Ricci, Monica and Graef, Susanne and Blundo, Carlo and Miller, Laurie A},
	journal={The Clinical Neuropsychologist},
	volume={26},
	number={6},
	pages={926--941},
	year={2012},
	publisher={Taylor \& Francis}
}

@article{hardy2002amyloid,
  title={The amyloid hypothesis of Alzheimer's disease: progress and problems on the road to therapeutics},
  author={Hardy, John and Selkoe, Dennis J},
  journal={Science},
  volume={297},
  number={5580},
  pages={353--356},
  year={2002},
  publisher={American Association for the Advancement of Science}
}

@article{hardy1992alzheimer,
  title={Alzheimer's disease: the amyloid cascade hypothesis},
  author={Hardy, John A and Higgins, Gerald A},
  journal={Science},
  volume={256},
  number={5054},
  pages={184},
  year={1992},
  publisher={The American Association for the Advancement of Science}
}
@article{tanzi2005twenty,
  title={Twenty years of the Alzheimer’s disease amyloid hypothesis: a genetic perspective},
  author={Tanzi, Rudolph E and Bertram, Lars},
  journal={Cell},
  volume={120},
  number={4},
  pages={545--555},
  year={2005},
  publisher={Elsevier}
}

@article{jack2010brain,
  title={Brain beta-amyloid measures and magnetic resonance imaging atrophy both predict time-to-progression from mild cognitive impairment to Alzheimer’s disease},
  author={Jack Jr, Clifford R and Wiste, Heather J and Vemuri, Prashanthi and Weigand, Stephen D and Senjem, Matthew L and Zeng, Guang and Bernstein, Matt A and Gunter, Jeffrey L and Pankratz, Vernon S and Aisen, Paul S and others},
  journal={Brain},
  volume={133},
  number={11},
  pages={3336--3348},
  year={2010},
  publisher={Oxford University Press}
}

@article{douaud2011dti,
  title={DTI measures in crossing-fibre areas: increased diffusion anisotropy reveals early white matter alteration in MCI and mild Alzheimer's disease},
  author={Douaud, Gwena{\"e}lle and Jbabdi, Sa{\^a}d and Behrens, Timothy EJ and Menke, Ricarda A and Gass, Achim and Monsch, Andreas U and Rao, Anil and Whitcher, Brandon and Kindlmann, Gordon and Matthews, Paul M and others},
  journal={Neuroimage},
  volume={55},
  number={3},
  pages={880--890},
  year={2011},
  publisher={Elsevier}
}

@article{albert2011diagnosis,
  title={The diagnosis of mild cognitive impairment due to Alzheimer’s disease: Recommendations from the National Institute on Aging-Alzheimer’s Association workgroups on diagnostic guidelines for Alzheimer's disease},
  author={Albert, Marilyn S and DeKosky, Steven T and Dickson, Dennis and Dubois, Bruno and Feldman, Howard H and Fox, Nick C and Gamst, Anthony and Holtzman, David M and Jagust, William J and Petersen, Ronald C and others},
  journal={Alzheimer's \& dementia},
  volume={7},
  number={3},
  pages={270--279},
  year={2011},
  publisher={Elsevier}
}

@article{lin2014cingulum,
	title={Cingulum correlates of cognitive functions in patients with mild cognitive impairment and early Alzheimer’s disease: a diffusion spectrum imaging study},
	author={Lin, Yi-Cheng and Shih, Yao-Chia and Tseng, Wen-Yih I and Chu, Yu-Hsiu and Wu, Meng-Tien and Chen, Ta-Fu and Tang, Pei-Fang and Chiu, Ming-Jang},
	journal={Brain topography},
	volume={27},
	number={3},
	pages={393--402},
	year={2014},
	publisher={Springer}
}

@book{lezak2004neuropsychological,
	title={Neuropsychological assessment},
	author={Lezak, Muriel Deutsch},
	year={2004},
	publisher={Oxford University Press, USA}
}

@article{sager2005middle,
	title={Middle-aged children of persons with Alzheimer’s disease: APOE genotypes and cognitive function in the Wisconsin Registry for Alzheimer’s Prevention},
	author={Sager, Mark A and Hermann, Bruce and La Rue, Asenath},
	journal={Journal of geriatric psychiatry and neurology},
	volume={18},
	number={4},
	pages={245--249},
	year={2005},
	publisher={Sage Publications Sage CA: Thousand Oaks, CA}
}

@book{naidich2009duvernoy,
	title={Duvernoy's atlas of the human brain stem and cerebellum: high-field MRI, surface anatomy, internal structure, vascularization and 3 D sectional anatomy},
	author={Naidich, Thomas P and Duvernoy, Henri M and Delman, Bradley N and Sorensen, A Gregory and Kollias, Spyros S and Haacke, E Mark},
	year={2009},
	publisher={Springer Science \& Business Media}
}

@article{darst2017pathway,
	title={Pathway-Specific Polygenic Risk Scores as Predictors of Amyloid-$\beta$ Deposition and Cognitive Function in a Sample at Increased Risk for Alzheimer’s Disease},
	author={Darst, Burcu F and Koscik, Rebecca L and Racine, Annie M and Oh, Jennifer M and Krause, Rachel A and Carlsson, Cynthia M and Zetterberg, Henrik and Blennow, Kaj and Christian, Bradley T and Bendlin, Barbara B and others},
	journal={Journal of Alzheimer's Disease},
	volume={55},
	number={2},
	pages={473--484},
	year={2017},
	publisher={IOS Press}
}

@article{corder1993gene,
	title={Gene dose of apolipoprotein E type 4 allele and the risk of Alzheimer’s disease in late onset families},
	author={Corder, EH and Saunders, AM and Strittmatter, WJ and Schmechel, DE and Gaskell, PC and Small, GWet al and Roses, AD and Haines, JL and Pericak-Vance, M Al},
	journal={Science},
	volume={261},
	number={5123},
	pages={921--923},
	year={1993}
}
@article {HEC:HEC1223,
	author = {Stehr, Mark},
	title = {The effect of cigarette taxes on smoking among men and women},
	journal = {Health Economics},
	volume = {16},
	number = {12},
	publisher = {John Wiley & Sons, Ltd.},
	issn = {1099-1050},
	url = {http://dx.doi.org/10.1002/hec.1223},
	doi = {10.1002/hec.1223},
	pages = {1333--1343},
	keywords = {tobacco, cigarettes, taxation, smoking},
	year = {2007},
}

@book{arora2009computational,
	title={Computational complexity: a modern approach},
	author={Arora, Sanjeev and Barak, Boaz},
	year={2009},
	publisher={Cambridge University Press}
}

@inproceedings{hong2015group,
	title={Group testing for longitudinal data},
	author={Hong, Yi and Singh, Nikhil and Kwitt, Roland and Niethammer, Marc},
	booktitle={International Conference on Information Processing in Medical Imaging},
	pages={139--151},
	year={2015},
	organization={Springer}
}

@inproceedings{muralidharan2012sasaki,
	title={Sasaki metrics for analysis of longitudinal data on manifolds},
	author={Muralidharan, Prasanna and Fletcher, P Thomas},
	booktitle={Computer Vision and Pattern Recognition (CVPR), 2012 IEEE Conference on},
	pages={1027--1034},
	year={2012},
	organization={IEEE}
}

@book{talagrand2006generic,
  title={The generic chaining: upper and lower bounds of stochastic processes},
  author={Talagrand, Michel},
  year={2006},
  publisher={Springer Science \& Business Media}
}

@article{seber2003linear,
  title={Linear regression analysis. Hoboken},
  author={Seber, George AF and Lee, Alan J},
  journal={NJ: Wiley. doi},
  volume={10},
  pages={9780471722199},
  year={2003}
}

@article{laurent2000adaptive,
  title={Adaptive estimation of a quadratic functional by model selection},
  author={Laurent, Beatrice and Massart, Pascal},
  journal={Annals of Statistics},
  pages={1302--1338},
  year={2000},
  publisher={JSTOR}
}

@article{davies2001local,
  title={Local extremes, runs, strings and multiresolution},
  author={Davies, P Laurie and Kovac, Arne},
  journal={Annals of Statistics},
  pages={1--48},
  year={2001},
  publisher={JSTOR}
}

@article{jeng2010optimal,
  title={Optimal sparse segment identification with application in copy number variation analysis},
  author={Jeng, X Jessie and Cai, T Tony and Li, Hongzhe},
  journal={Journal of the American Statistical Association},
  volume={105},
  number={491},
  pages={1156--1166},
  year={2010},
  publisher={Taylor \& Francis}
}

@article{belilovsky2015hypothesis,
  title={Hypothesis Testing for Differences in Gaussian Graphical Models: Applications to Brain Connectivity},
  author={Belilovsky, Eugene and Varoquaux, Ga{\"e}l and Blaschko, Matthew B},
  journal={arXiv preprint arXiv:1512.08643},
  year={2015}
}

@article{albert2001preclinical,
  title={Preclinical prediction of AD using neuropsychological tests},
  author={Albert, Marilyn S and Moss, Mark B and Tanzi, Rudolph and Jones, Kenneth},
  journal={Journal of the International Neuropsychological Society},
  volume={7},
  number={05},
  pages={631--639},
  year={2001},
  publisher={Cambridge Univ Press}
}

@article{roehrig1988conditions,
  title={Conditions for identification in nonparametric and parametric models},
  author={Roehrig, Charles S},
  journal={Econometrica: Journal of the Econometric Society},
  pages={433--447},
  year={1988},
  publisher={JSTOR}
}

@article{hardle1993comparing,
  title={Comparing nonparametric versus parametric regression fits},
  author={Hardle, Wolfgang and Mammen, Enno},
  journal={The Annals of Statistics},
  pages={1926--1947},
  year={1993},
  publisher={JSTOR}
}

@article{rimol2010sex,
  title={Sex-dependent association of common variants of microcephaly genes with brain structure},
  author={Rimol, Lars M and Agartz, Ingrid and Djurovic, Srdjan and Brown, Andrew A and Roddey, J Cooper and K{\"a}hler, Anna K and Mattingsdal, Morten and Athanasiu, Lavinia and Joyner, Alexander H and Schork, Nicholas J and others},
  journal={Proceedings of the National Academy of Sciences},
  volume={107},
  number={1},
  pages={384--388},
  year={2010},
  publisher={National Acad Sciences}
}

@article{fratiglioni1991prevalence,
  title={Prevalence of Alzheimer's disease and other dementias in an elderly urban population Relationship with age, sex, and education},
  author={Fratiglioni, Laura and Grut, M and Forsell, Y and Viitanen, M and Grafstr{\"o}m, M and Holmen, K and Ericsson, K and B{\"a}ckman, L and Ahlbom, A and Winblad, B},
  journal={Neurology},
  volume={41},
  number={12},
  pages={1886--1886},
  year={1991},
  publisher={AAN Enterprises}
}

@article{barry2008fas,
  title={FAS and CFL forms of verbal fluency differ in difficulty: A meta-analytic study},
  author={Barry, Danielle and Bates, Marsha E and Labouvie, Erich},
  journal={Applied neuropsychology},
  volume={15},
  number={2},
  pages={97--106},
  year={2008},
  publisher={Taylor \& Francis}
}

@article{ingalhalikar2014sex,
  title={Sex differences in the structural connectome of the human brain},
  author={Ingalhalikar, M. and Smith, A. and others},
  journal={Proceedings of the National Academy of Sciences},
  volume={111},
  number={2},
  pages={823--828},
  year={2014},
  publisher={National Acad Sciences}
}

@article{mori2008stereotaxic,
  title={Stereotaxic white matter atlas based on diffusion tensor imaging in an ICBM template},
  author={Mori, S. and Oishi, K. and others},
  journal={Neuroimage},
  volume={40},
  number={2},
  pages={570--582},
  year={2008},
  publisher={Elsevier}
}

@article{racine2014associations,
  title={Associations between white matter microstructure and amyloid burden in preclinical {AD}: a multimodal imaging investigation},
  author={Racine, A. M and Adluru, N. and others},
  journal={NeuroImage: Clinical},
  volume={4},
  pages={604--614},
  year={2014},
  publisher={Elsevier}
}

@article{trivedi2006reduced,
  title={Reduced hippocampal activation during episodic encoding in middle-aged individuals at genetic risk of {AD}: a cross-sectional study},
  author={Trivedi, M.A. and Schmitz, T.W. and others},
  journal={BMC medicine},
  volume={4},
  number={1},
  pages={1},
  year={2006},
  publisher={BioMed Central Ltd}
}

@article{fan2012control,
	title={Control of the FDR under arbitrary covariance dependence},
	author={ Fan, J. and Han, X. and others},
	journal={JASA},
	year={2012}
}

@article{arias2005near,
	title={Near-optimal detection of geometric objects by fast multiscale methods},
	author={Arias-Castro, E. and Donoho, D. L. and others},
	journal={Information Theory},
	volume={51},
	number={7},
	pages={2402--2425},
	year={2005},
	publisher={IEEE}
}
@article{arias2011detection,
	title={Detection of an anomalous cluster in a network},
	author={Arias-Castro, E. and Cand{\`e}s, E. J. and others},
	journal={The Annals of Statistics},
	pages={278--304},
	year={2011},
	publisher={JSTOR}
}

@article{du2014geodesic,
	title={Geodesic regression on orientation distribution functions with its application to an aging study},
	author={Du, J. and Goh, A. and Kushnarev, S. and Qiu, A.},
	journal={NeuroImage},
	volume={87},
	pages={416--426},
	year={2014},
	publisher={Elsevier}
}

@article{du2012diffeomorphic,
	title={Diffeomorphic metric mapping of high angular resolution diffusion imaging based on riemannian structure of orientation distribution functions},
	author={Du, Jia and Goh, Alvina and Qiu, Anqi},
	journal={Medical Imaging, IEEE Transactions on},
	volume={31},
	number={5},
	pages={1021--1033},
	year={2012},
	publisher={IEEE}
}

@inproceedings{xie2013nonlinear,
	title={On a nonlinear generalization of sparse coding and dictionary learning},
	author={Xie, Y. and Ho, J. and others},
	booktitle={ICML},
	pages={1480},
	year={2013},
}
@article{mcardle2000introduction,
	title={An introduction to latent growth models for developmental data analysis.},
	author={McArdle, J.J. and Bell, R.Q.},
	year={2000},
	publisher={Lawrence Erlbaum Associates Publishers}
}
@book{ullman2003structural,
	title={Structural equation modeling},
	author={Ullman, J.B. and Bentler, P.M.},
	year={2003},
	publisher={Wiley Online Library}
}
@article{friston2011functional,
	title={Functional and effective connectivity: a review},
	author={Friston, K.J.},
	journal={Brain connectivity},
	volume={1},
	number={1},
	pages={13--36},
	year={2011},
	publisher={Mary Ann Liebert, Inc. 140 Huguenot Street, 3rd Floor New Rochelle, NY 10801 USA}
}

@book{jordan1998learning,
	title={Learning in graphical models},
	author={Jordan, M.I.},
	volume={89},
	year={1998},
	publisher={Springer Science \& Business Media}
}

@book{lauritzen1996graphical,
	title={Graphical models},
	author={Lauritzen, S.L.},
	year={1996},
	publisher={Clarendon Press}
}

@book{koller2009probabilistic,
	title={Probabilistic graphical models: principles and techniques},
	author={Koller, D. and Friedman, N.},
	year={2009},
	publisher={MIT press}
}

@article{acheson2013stimulating,
  title={Stimulating the brain's language network: syntactic ambiguity resolution after TMS to the inferior frontal gyrus and middle temporal gyrus},
  author={Acheson, Daniel J and Hagoort, Peter},
  journal={Journal of cognitive neuroscience},
  volume={25},
  number={10},
  pages={1664--1677},
  year={2013},
  publisher={MIT Press}
}

@article{sommer2014optimization,
	title={Optimization over geodesics for exact principal geodesic analysis},
	author={Sommer, S. and Lauze, F. and others},
	journal={Adv. in Comp. Math.},
	volume={40},
	number={2},
	pages={283--313},
	year={2014},
	publisher={Springer}
}

@incollection{xie2010statistical,
	title={Statistical analysis of tensor fields},
	author={Xie, Y. and Vemuri, B.C. and others},
	booktitle={MICCAI},
	pages={682--689},
	year={2010},
	publisher={Springer}
}

@book{geer2000empirical,
	title={Empirical Processes in M-estimation},
	author={Geer, S.A.},
	volume={6},
	year={2000},
	publisher={Cambridge university press}
}

@inproceedings{zhang2013probabilistic,
	title={Probabilistic principal geodesic analysis},
	author={Zhang, M. and Fletcher, T.P.},
	booktitle={Advances in Neural Information Processing Systems},
	pages={1178--1186},
	year={2013}
}

@article{fletcher2007riemannian,
	title={Riemannian geometry for the statistical analysis of diffusion tensor data},
	author={Fletcher, T.P. and Joshi, S.},
	journal={Signal Processing},
	volume={87},
	number={2},
	pages={250--262},
	year={2007},
	publisher={Elsevier}
}

@incollection{banerjee2015nonlinear,
	title={Nonlinear Regression on {R}iemannian Manifolds and Its Applications to Neuro-Image Analysis},
	author={Banerjee, M. and Chakraborty, R. and others},
	booktitle={MICCAI},
	pages={719--727},
	year={2015}
}
@incollection{shakhnarovich2002face,
	title={Face recognition from long-term observations},
	author={Shakhnarovich, Gregory and Fisher, John W and Darrell, Trevor},
	booktitle={Computer Vision—ECCV 2002},
	pages={851--865},
	year={2002},
	publisher={Springer}
}

@inproceedings{wang2012covariance,
	title={Covariance discriminative learning: A natural and efficient approach to image set classification},
	author={Wang, Ruiping and Guo, Huimin and Davis, Larry S and Dai, Qionghai},
	booktitle={Computer Vision and Pattern Recognition (CVPR), 2012 IEEE Conference on},
	pages={2496--2503},
	year={2012},
	organization={IEEE}
}

@inproceedings{tuzel2007human,
	title={Human detection via classification on {R}iemannian manifolds},
	author={Tuzel, Oncel and Porikli, Fatih and Meer, Peter},
	booktitle={Computer Vision and Pattern Recognition, 2007. CVPR'07. IEEE Conference on},
	pages={1--8},
	year={2007},
	organization={IEEE}
}
@inproceedings{wu2005analysis,
  title={An analysis of transformation on non-positive semidefinite similarity matrix for kernel machines},
  author={Wu, G. and Chang, E.Y. and others},
  booktitle={ICML},
  volume={8},
  year={2005},
}

@article{zhou2010time,
  title={Time varying undirected graphs},
  author={Zhou, S. and Lafferty, J. and others},
  journal={ML},
  volume={80},
  number={2-3},
  pages={295--319},
  year={2010},
  publisher={Springer}
}

@article{walther2010optimal,
	title={Optimal and fast detection of spatial clusters with scan statistics},
	author={Walther, G. and others},
	journal={The Annals of Statistics},
	volume={38},
	number={2},
	pages={1010--1033},
	year={2010},
	publisher={Institute of Mathematical Statistics}
}

@article{wang2016structured,
	title={Structured Correlation Detection with Application to Colocalization Analysis in Dual-Channel Fluorescence Microscopic Imaging},
	author={Wang, S. and Fan, J. and others},
	journal={arXiv preprint arXiv:1604.02158},
	year={2016}
}

@article{karcher1977riemannian,
  title={Riemannian center of mass and mollifier smoothing},
  author={Karcher, Hermann},
  journal={Communications on pure and applied mathematics},
  volume={30},
  number={5},
  pages={509--541},
  year={1977},
  publisher={Wiley Online Library}
}

@article{fletcher2013geodesic,
	title={Geodesic regression and the theory of least squares on {R}iemannian manifolds},
	author={Fletcher, P T.},
	journal={IJCV},
	volume={105},
	number={2},
	pages={171--185},
	year={2013},
	publisher={Springer}
}

@article{cornea2016regression,
  title={Regression models on {R}iemannian symmetric spaces},
  author={Cornea, E. and Zhu, H. and others},
  journal={JRSS-B},
  year={2016},
}

@book{do1992riemannian,
  title={Riemannian geometry},
  author={Do Carmo, M. P},
  year={1992},
  publisher={Springer}
}


@book{lee2012introduction,
  title={Introduction to smooth manifolds},
  author={Lee, John M},
  year={2012},
  publisher={Springer}
}

@inproceedings{jayasumanakernel,
  title={Kernel Methods on the {Riemannian} Manifold of {SPD} Matrices},
  author={Jayasumana, S. and others},
  booktitle={CVPR},
  year={2013}
}

@inproceedings{hjkimcvpr2014,
	title = {Multivariate General Linear Models on {R}iemannian Manifolds with Applications to Statistical Analysis of Diffusion Weighted Images},
	author = { Kim, Hyunwoo J and Adluru, Nagesh and others},
	booktitle = {CVPR},
    pages={2705--2712},
	year = {2014},
}

@article{liu2012statistical,
  title={Statistical significance of clustering for high-dimension, low--sample size data},
  author={Liu, Y. and Hayes, David N. and others},
  journal={JASA},
  year={2012},
  publisher={Taylor \& Francis}
}

@article{huang2015statistical,
  title={Statistical significance of clustering using soft thresholding},
  author={Huang, H. and Liu, Y. and others},
  journal={Journal of Computational and Graphical Statistics},
  volume={24},
  number={4},
  pages={975--993},
  year={2015},
  publisher={Taylor \& Francis}
}

@misc{diffnet,
Author = {Nicolas Städler and Sach Mukherjee},
Title = {Two-Sample Testing in High-Dimensional Models},
Year = {2012},
Eprint = {arXiv:1210.4584},
}

@article{dupont1998power,
  title={Power and sample size calculations for studies involving linear regression},
  author={Dupont, William D and Plummer, Walton D},
  journal={Controlled clinical trials},
  volume={19},
  number={6},
  pages={589--601},
  year={1998},
  publisher={Elsevier}
}

@article{liao2002comparison,
  title={Comparison in Generalized Linear Models},
  author={Liao, Tim Futing},
  journal={Statistical group comparison},
  pages={62--80},
  year={2002},
  publisher={Wiley Online Library}
}

@book{morgan2013handbook,
  title={Handbook of causal analysis for social research},
  author={Morgan, Stephen Lawrence},
  year={2013},
  publisher={Springer}
}

@article{yuan2010high,
  title={High dimensional inverse covariance matrix estimation via {LP}},
  author={Yuan, M.},
  journal={JMRL},
  volume={11},
  pages={2261--2286},
  year={2010},
  publisher={JMLR. org}
}

@article{liu2009nonparanormal,
  title={The nonparanormal: Semiparametric estimation of high dimensional undirected graphs},
  author={Liu, H. and Lafferty, J. and others},
  journal={JMLR},
  volume={10},
  pages={2295--2328},
  year={2009},
  publisher={JMLR. org}
}

@article{xue2012regularized,
  title={Regularized rank-based estimation of high-dimensional nonparanormal graphical models},
  author={Xue, L. and Zou, H.and others},
  journal={The Annals of Statistics},
  volume={40},
  number={5},
  pages={2541--2571},
  year={2012},
  publisher={Institute of Mathematical Statistics}
}

@article{liu2012high,
  title={High-dimensional semiparametric Gaussian copula graphical models},
  author={Liu, Han and Han, Fang and others},
  journal={The Annals of Statistics},
  volume={40},
  number={4},
  pages={2293--2326},
  year={2012},
  publisher={Institute of Mathematical Statistics}
}

@article{loh2013structure,
  title={Structure estimation for discrete graphical models: Generalized covariance matrices and their inverses},
  author={Loh, Po-Ling and Wainwright, Martin J and others},
  journal={The Annals of Statistics},
  volume={41},
  number={6},
  pages={3022--3049},
  year={2013},
  publisher={Institute of Mathematical Statistics}
}

@article{friedman2008sparse,
  title={Sparse inverse covariance estimation with the graphical {LASSO}},
  author={Friedman, J. and Hastie, T. and others},
  journal={Biostatistics},
  volume={9},
  number={3},
  pages={432--441},
  year={2008},
  publisher={Biometrika Trust}
}

@article{stadler2012two,
  title={Two-sample testing in high-dimensional models},
  author={St{\"a}dler, Nicolas and Mukherjee, Sach},
  journal={arXiv preprint arXiv:1210.4584},
  year={2012}
}

@article{cai2011constrained,
  title={A constrained $\ell_1$ minimization approach to sparse precision matrix estimation},
  author={Cai, T. and Liu, W. and others},
  journal={JASA},
  volume={106},
  number={494},
  pages={594--607},
  year={2011},
  publisher={Taylor \& Francis}
}

@article{danaher2014joint,
  title={The joint graphical {LASSO} for inverse covariance estimation across multiple classes},
  author={Danaher, P. and Wang, P. and others},
  journal={JRSS-B},
  volume={76},
  number={2},
  pages={373--397},
  year={2014},
}

@techreport{friedman2010applications,
  title={Applications of the lasso and grouped lasso to the estimation of sparse graphical models},
  author={Friedman, Jerome and Hastie, Trevor and Tibshirani, Robert},
  year={2010},
  institution={Technical report, Stanford University}
}

@article{yang2015fused,
  title={Fused multiple graphical lasso},
  author={Yang, S. and Lu, Z. and others},
  journal={SIAM J. Opt.},
  volume={25},
  number={2},
  pages={916--943},
  year={2015},
  publisher={SIAM}
}

@article{qiu2015joint,
  title={Joint estimation of multiple graphical models from high dimensional time series},
  author={Qiu, H. and Han, F. and others},
  journal={JRSS-B},
  year={2015},
  publisher={Wiley Online Library}
}

%%%%% SUPPLEMENT/APPENDIX REFS %%%%%%%%
@book{talagrand2006generic,
	title={The generic chaining: upper and lower bounds of stochastic processes},
	author={Talagrand, Michel},
	year={2006},
	publisher={Springer Science \& Business Media}
}

@article{laurent2000adaptive,
	title={Adaptive estimation of a quadratic functional by model selection},
	author={Laurent, Beatrice and Massart, Pascal},
	journal={Annals of Statistics},
	pages={1302--1338},
	year={2000},
	publisher={JSTOR}
}

@article{wragg1989overview,
	title={Overview of depression and psychosis in Alzheimer’s disease},
	author={Wragg, Robin E and Jeste, Dilip V},
	journal={Am J Psychiatry},
	volume={146},
	number={5},
	pages={577--587},
	year={1989}
}

@article{tombaugh2004trail,
	title={Trail Making Test A and B: normative data stratified by age and education},
	author={Tombaugh, Tom N},
	journal={Archives of clinical neuropsychology},
	volume={19},
	number={2},
	pages={203--214},
	year={2004},
	publisher={Elsevier}
}

@misc{wechsler2014wechsler,
	title={Wechsler Adult Intelligence Scale--Fourth Edition (WAIS--IV)},
	author={Wechsler, David},
	year={2014}
}

@book{schmidt1996rey,
	title={Rey auditory verbal learning test: a handbook},
	author={Schmidt, Michael and others},
	year={1996},
	publisher={Western Psychological Services Los Angeles}
}

@book{van1996weak,
	title={Weak Convergence},
	author={Van Der Vaart, Aad W and Wellner, Jon A},
	year={1996},
	publisher={Springer}
}

@inproceedings{wu2005analysis,
	title={An analysis of transformation on non-positive semidefinite similarity matrix for kernel machines},
	author={Wu, G. and Chang, E.Y. and others},
	booktitle={ICML},
	volume={8},
	year={2005},
}

@incollection{lee2003smooth,
	title={Smooth manifolds},
	author={Lee, John M},
	booktitle={Introduction to Smooth Manifolds},
	pages={1--29},
	year={2003},
	publisher={Springer}
}

@article{spivak1981comprehensive,
	title={comprehensive introduction to differential geometry. Vol. IV.[A]},
	author={Spivak, Michael},
	year={1981},
	publisher={Publish or Perish, Inc., University of Tokyo Press}
}