@inproceedings{
	just2023lava,
	title={{LAVA}: Data Valuation without Pre-Specified Learning Algorithms},
	author={Hoang Anh Just and Feiyang Kang and Tianhao Wang and Yi Zeng and Myeongseob Ko and Ming Jin and Ruoxi Jia},
	booktitle={The Eleventh International Conference on Learning Representations },
	year={2023},
	url={https://openreview.net/forum?id=JJuP86nBl4q}
}