@article{diag,
  title={Deep learning and medical diagnosis: A review of literature},
  author={Bakator, Mihalj and Radosav, Dragica},
  journal={Multimodal Technologies and Interaction},
  volume={2},
  number={3},
  pages={47},
  year={2018},
  publisher={MDPI}
}


@article{drugdisc,
  title={Applications of machine learning in drug discovery and development},
  author={Vamathevan, Jessica and Clark, Dominic and Czodrowski, Paul and Dunham, Ian and Ferran, Edgardo and Lee, George and Li, Bin and Madabhushi, Anant and Shah, Parantu and Spitzer, Michaela and others},
  journal={Nature reviews Drug discovery},
  volume={18},
  number={6},
  pages={463--477},
  year={2019},
  publisher={Nature Publishing Group}
}


@article{protein,
  title={Machine learning for protein folding and dynamics},
  author={No{\'e}, Frank and De Fabritiis, Gianni and Clementi, Cecilia},
  journal={Current Opinion in Structural Biology},
  volume={60},
  pages={77--84},
  year={2020},
  publisher={Elsevier}
}


@article{mcts,
  title={Mastering the game of Go with deep neural networks and tree search},
  author={Silver, David and Huang, Aja and Maddison, Chris J and Guez, Arthur and Sifre, Laurent and Van Den Driessche, George and Schrittwieser, Julian and Antonoglou, Ioannis and Panneershelvam, Veda and Lanctot, Marc and others},
  journal={nature},
  volume={529},
  number={7587},
  pages={484--489},
  year={2016},
  publisher={Nature Publishing Group}
}


@article{laion,
  title={Laion-400m: Open dataset of clip-filtered 400 million image-text pairs},
  author={Schuhmann, Christoph and Vencu, Richard and Beaumont, Romain and Kaczmarczyk, Robert and Mullis, Clayton and Katta, Aarush and Coombes, Theo and Jitsev, Jenia and Komatsuzaki, Aran},
  journal={arXiv preprint arXiv:2111.02114},
  year={2021}
}


@article{imagenet,
  title={Imagenet large scale visual recognition challenge},
  author={Russakovsky, Olga and Deng, Jia and Su, Hao and Krause, Jonathan and Satheesh, Sanjeev and Ma, Sean and Huang, Zhiheng and Karpathy, Andrej and Khosla, Aditya and Bernstein, Michael and others},
  journal={International journal of computer vision},
  volume={115},
  number={3},
  pages={211--252},
  year={2015},
  publisher={Springer}
}


@article{gpt,
  title={Language models are few-shot learners},
  author={Brown, Tom and Mann, Benjamin and Ryder, Nick and Subbiah, Melanie and Kaplan, Jared D and Dhariwal, Prafulla and Neelakantan, Arvind and Shyam, Pranav and Sastry, Girish and Askell, Amanda and others},
  journal={Advances in neural information processing systems},
  volume={33},
  pages={1877--1901},
  year={2020}
}


@article{bert,
  title={Bert: Pre-training of deep bidirectional transformers for language understanding},
  author={Devlin, Jacob and Chang, Ming-Wei and Lee, Kenton and Toutanova, Kristina},
  journal={arXiv preprint arXiv:1810.04805},
  year={2018}
}


@inproceedings{zhang2016video,
  title={Video summarization with long short-term memory},
  author={Zhang, Ke and Chao, Wei-Lun and Sha, Fei and Grauman, Kristen},
  booktitle={European conference on computer vision},
  pages={766--782},
  year={2016},
  organization={Springer}
}


@inproceedings{resnet,
  title={Deep residual learning for image recognition},
  author={He, Kaiming and Zhang, Xiangyu and Ren, Shaoqing and Sun, Jian},
  booktitle={Proceedings of the IEEE conference on computer vision and pattern recognition},
  pages={770--778},
  year={2016}
}

@article{alexnet,
  title={Imagenet classification with deep convolutional neural networks},
  author={Krizhevsky, Alex and Sutskever, Ilya and Hinton, Geoffrey E},
  journal={Communications of the ACM},
  volume={60},
  number={6},
  pages={84--90},
  year={2017},
  publisher={AcM New York, NY, USA}
}


@article{segmentation,
  title={Image segmentation using deep learning: A survey},
  author={Minaee, Shervin and Boykov, Yuri Y and Porikli, Fatih and Plaza, Antonio J and Kehtarnavaz, Nasser and Terzopoulos, Demetri},
  journal={IEEE transactions on pattern analysis and machine intelligence},
  year={2021},
  publisher={IEEE}
}


@book{Mitchell97,
	added-at = {2017-05-08T14:37:30.000+0200},
	address = {New York},
	author = {Mitchell, Tom M.},
	biburl = {https://www.bibsonomy.org/bibtex/23e79734ee1a6e49aee02ffd108224d1c/flint63},
	file = {eBook:1900-99/Mitchell97.pdf:PDF;McGraw-Hill Product page:http\://www.mhprofessional.com/product.php?isbn=0070428077:URL;Amazon Search inside:http\://www.amazon.de/gp/reader/0070428077/:URL},
	groups = {public},
	interhash = {479a66c32badb3a455fbdcf8e6633a5d},
	intrahash = {3e79734ee1a6e49aee02ffd108224d1c},
	isbn = {978-0-07-042807-2},
	keywords = {01624 105 book shelf ai learn algorithm},
	publisher = {McGraw-Hill},
	timestamp = {2017-07-13T17:10:10.000+0200},
	title = {Machine Learning},
	username = {flint63},
	year = 1997
}


@article{adebayo2018sanity,
	title={Sanity checks for saliency maps},
	author={Adebayo, Julius and Gilmer, Justin and Muelly, Michael and Goodfellow, Ian and Hardt, Moritz and Kim, Been},
	journal={Advances in neural information processing systems},
	volume={31},
	year={2018}
}

@inproceedings{tansey2018black,
	title={Black box fdr},
	author={Tansey, Wesley and Wang, Yixin and Blei, David and Rabadan, Raul},
	booktitle={International conference on machine learning},
	pages={4867--4876},
	year={2018},
	organization={PMLR}
}

@article{mehrabi2021survey,
	title={A survey on bias and fairness in machine learning},
	author={Mehrabi, Ninareh and Morstatter, Fred and Saxena, Nripsuta and Lerman, Kristina and Galstyan, Aram},
	journal={ACM Computing Surveys (CSUR)},
	volume={54},
	number={6},
	pages={1--35},
	year={2021},
	publisher={ACM New York, NY, USA}
}

@book{molnar2020interpretable,
	title={Interpretable machine learning},
	author={Molnar, Christoph},
	year={2020},
	publisher={Lulu. com}
}

@article{doshi2017towards,
	title={Towards a rigorous science of interpretable machine learning},
	author={Doshi-Velez, Finale and Kim, Been},
	journal={arXiv preprint arXiv:1702.08608},
	year={2017}
}


@article{amodei2016concrete,
	title={Concrete problems in AI safety},
	author={Amodei, Dario and Olah, Chris and Steinhardt, Jacob and Christiano, Paul and Schulman, John and Man{\'e}, Dan},
	journal={arXiv preprint arXiv:1606.06565},
	year={2016}
}


@article{sutskever2014sequence,
  title={Sequence to sequence learning with neural networks},
  author={Sutskever, Ilya and Vinyals, Oriol and Le, Quoc V},
  journal={Advances in neural information processing systems},
  volume={27},
  year={2014}
}

@article{vaswani2017attention,
  title={Attention is all you need},
  author={Vaswani, Ashish and Shazeer, Noam and Parmar, Niki and Uszkoreit, Jakob and Jones, Llion and Gomez, Aidan N and Kaiser, {\L}ukasz and Polosukhin, Illia},
  journal={Advances in neural information processing systems},
  volume={30},
  year={2017}
}

@book{nowozin2011structured,
  title={Structured learning and prediction in computer vision},
  author={Nowozin, Sebastian and Lampert, Christoph H},
  volume={6},
  year={2011},
  publisher={Now publishers Inc}
}

@book{yeung2010sensitivity,
  title={Sensitivity analysis for neural networks},
  author={Yeung, Daniel S and Cloete, Ian and Shi, Daming and wY Ng, Wing},
  year={2010},
  publisher={Springer}
}

@article{zhang2015sensitivity,
  title={A sensitivity analysis of (and practitioners' guide to) convolutional neural networks for sentence classification},
  author={Zhang, Ye and Wallace, Byron},
  journal={arXiv preprint arXiv:1510.03820},
  year={2015}
}

@inproceedings{selvaraju2017grad,
  title={Grad-cam: Visual explanations from deep networks via gradient-based localization},
  author={Selvaraju, Ramprasaath R and Cogswell, Michael and Das, Abhishek and Vedantam, Ramakrishna and Parikh, Devi and Batra, Dhruv},
  booktitle={Proceedings of the IEEE international conference on computer vision},
  pages={618--626},
  year={2017}
}

@article{huang2020feature,
  title={Feature space singularity for out-of-distribution detection},
  author={Huang, Haiwen and Li, Zhihan and Wang, Lulu and Chen, Sishuo and Dong, Bin and Zhou, Xinyu},
  journal={arXiv preprint arXiv:2011.14654},
  year={2020}
}

@article{ren2019likelihood,
  title={Likelihood ratios for out-of-distribution detection},
  author={Ren, Jie and Liu, Peter J and Fertig, Emily and Snoek, Jasper and Poplin, Ryan and Depristo, Mark and Dillon, Joshua and Lakshminarayanan, Balaji},
  journal={Advances in Neural Information Processing Systems},
  volume={32},
  year={2019}
}
