@article{covtraj,
  title={Localizing differentially evolving covariance structures via scan statistics},
  author={Mehta, Ronak and Kim, Hyunwoo and Wang, Shulei and Johnson, Sterling and Yuan, Ming and Singh, Vikas},
  journal={Quarterly of Applied Math.},
  volume={77},
  number={2},
  pages={357--398},
  year={2019}
}

@InProceedings{ott,
	author = {Mehta, Ronak and Chakraborty, Rudrasis and Xiong, Yunyang and Singh, Vikas},
	title = {Scaling Recurrent Models via Orthogonal Approximations in Tensor Trains},
	booktitle = {Proceedings of the IEEE/CVF International Conference on Computer Vision (ICCV)},
	month = {October},
	year = {2019}
} 

@misc{lcodec,
	doi = {10.48550/ARXIV.2204.07655},
	url = {https://arxiv.org/abs/2204.07655},
	author = {Mehta, Ronak and Pal, Sourav and Singh, Vikas and Ravi, Sathya N.},
	keywords = {Computer Vision and Pattern Recognition (cs.CV), Machine Learning (cs.LG), FOS: Computer and information sciences, FOS: Computer and information sciences},
	title = {Deep Unlearning via Randomized Conditionally Independent Hessians},
	publisher = {arXiv},
	year = {2022},
	copyright = {Creative Commons Attribution 4.0 International},
	booktitle = {To appear in CVPR 2022.}
}


